1764 3419
292 252 365 300 IN
398 253 643 300 LUCIUM
676 253 814 301 SIVE
852 253 1102 300 ASINUM.
1133 269 1137 273 Δ
1240 273 1324 320 ςοι

60 342 212 384 mismo
225 341 436 396 (παιδείαν
462 344 563 385 reete
586 344 697 382 edidit
711 343 878 390 Hemst.)
897 343 1110 394 φιλοτιμίᾳ.
1139 343 1180 382 In
1201 347 1328 385 verbis

63 409 158 436 mox
175 396 481 449 insequentibus,
503 396 568 435 καί
585 411 681 436 ποτε
698 396 802 435 {nerim
826 395 841 434 ὃ
859 395 1090 442 ἐπιστάτης,
1111 396 1256 450 &vs-my>
1267 399 1328 436 έλ-

60 460 119 489 λει
139 448 195 497 τῷ
217 449 392 499 §scoth-tq·
416 453 459 489 τὸ
481 449 600 503 ἔργον,
622 447 668 487 ὣς
685 443 722 489 {iv
739 445 855 489 αὐτὸς
872 449 1059 500 &dalfian
1073 451 1256 502 interpres
1272 452 1327 489 in-

62 501 178 555 super
193 503 328 542 habuit
345 514 494 542 vertere
518 503 652 541 ultima
665 532 676 550 ‚
691 501 737 542 ὧς
760 496 797 542 ἦν
813 499 929 542 αὐτὸς
940 501 1128 554 sisaim,
1148 505 1245 555 quast
1257 503 1329 555 ipfiz

56 556 104 594 rid
118 571 166 594 me
185 557 355 608 docutffet.
375 556 478 595 IENS.
494 554 571 595 Μοῦ
587 556 624 596 Ρ.
638 556 678 594 &
695 557 735 595 L.
759 557 815 595 uti
831 557 951 609 probe
965 557 1113 595 viderat
1130 557 1188 596 vir
1203 556 1329 596 claris·

61 608 505 649 fimus.Vide’Evv7rv.c.
523 624 560 661 3,
575 609 614 648 δι
637 613 677 646 Ν.
701 609 860 648 Δ.ΧΙΙ[.
885 607 1040 648 SOLAN.
1059 609 1182 662 Quod
1204 611 1328 649 erudi-

63 661 132 701 tiff.
152 660 316 702 Solanus
336 663 380 701 ad
404 661 710 702 confirmandum
733 663 947 714 genitivum
970 663 1100 702 Somn.
1116 676 1149 702 c.
1168 678 1185 716 3
1209 664 1328 703 addu-

60 715 134 761 cit,
148 715 264 780 Plane
289 715 383 754 nihil
407 715 482 756 est:
510 716 561 754 ibi
587 716 686 754 enim
705 716 806 767 legas
820 747 831 763 ‚
848 713 932 754 ads&
951 716 1231 768 προτρεπτικῶς
1254 731 1327 766 μου

60 769 279 819 κατηρξατο
292 799 304 817 ,
315 781 337 807 a
350 769 626 822 κατάρχομαι,
645 781 723 808 non
740 782 761 808 a
778 768 1054 820 καταχρῶμαι.
1079 770 1160 810 Nec
1180 770 1254 822 ipse
1276 771 1328 810 ibi

64 822 106 861 in
119 822 210 860 lunt.
225 823 338 862 ullam
354 822 525 862 metionis
541 822 759 861 varietatem
778 823 970 862 indicavit.
985 822 1057 862 Sed
1068 823 1155 862 loca
1170 825 1328 876 paralle-

62 875 100 916 la
113 877 241 916 eadem
254 906 264 922 ,
286 888 387 928 quae
402 875 543 915 lensius
567 875 702 914 ibidem
722 875 878 915 subiecit
891 906 903 921 ‚
923 889 1020 928 quae
1034 889 1160 914 tamen
1177 890 1329 916 contra.

63 930 164 972 rIum
179 929 366 982 probant,
380 942 494 981 quam
512 930 618 980 quod
640 929 676 966 in
699 941 789 968 nota
804 930 921 969 modo
943 929 1134 980 praemissa
1153 930 1329 970 affirmat.

63 982 108 1022 In
123 982 224 1022 Dial.
238 983 340 1021 enim
352 983 470 1022 Mort.
487 982 578 1021 XIII
599 982 686 1021 illud
700 997 771 1034 μου
787 995 865 1022 non
880 985 1042 1035 pertinet
1058 984 1102 1022 ad
1124 982 1328 1034 καταχρῆ-

64 1050 111 1075 το
125 1066 136 1084 ,
154 1035 214 1075 sed
233 1036 435 1086 φιλοτιμίᾳ
446 1050 518 1086 μου
534 1036 750 1075 cohaerent.
772 1037 819 1075 Et
841 1037 878 1075 in
901 1037 1014 1075 tertio
1034 1037 1124 1075 loco
1141 1039 1185 1075 de
1201 1037 1326 1077 Luestu

66 1089 162 1128 nihil
177 1102 335 1142 quoque
353 1090 545 1129 varietatis
558 1089 692 1129 adiecit
703 1119 714 1137 ‚
731 1103 854 1142 neque
868 1091 918 1128 ibi
933 1089 1085 1143 χορηγῷ
1099 1090 1328 1143 καταχρῶν-

63 1157 133 1182 ται
149 1145 334 1183 emendat.
350 1143 489 1195 Quare
508 1142 630 1181 Ienfio
646 1142 837 1191 assentior,
858 1144 1051 1195 vulgatam
1068 1144 1230 1183 omnino
1253 1143 1327 1183 effe

64 1194 205 1235 sanam.
223 1196 321 1236 Esset
335 1197 477 1250 aliquid
489 1226 501 1242 ‚
517 1197 621 1248 quod
636 1197 712 1235 bini
728 1195 847 1235 Codd.
862 1212 934 1247 μου
950 1197 1149 1242 exhibent,
1165 1195 1191 1234 si
1212 1197 1329 1236 aliun—

64 1249 113 1289 de
125 1261 291 1302 pateret,
311 1250 386 1290 hoc
409 1251 566 1289 verbum
583 1251 792 1301 genitivum
808 1262 959 1296 amare3
980 1261 1018 1288 at
1037 1263 1125 1289 cum
1144 1250 1256 1288 iidem
1273 1251 1328 1290 bis

65 1303 154 1342 alibi
171 1316 327 1356 quoque
338 1318 401 1354 μοι
423 1317 512 1343 cum
529 1304 608 1343 edd.
631 1304 812 1350 habeant,
826 1316 893 1342 cur
913 1304 971 1342 hic
991 1303 1038 1341 ab
1058 1315 1187 1341 earum
1203 1303 1330 1343 1Εᾶἰο-

66 1369 116 1396 ne
135 1357 428 1403 discederemus,
448 1370 494 1395 ne
508 1357 660 1409 quidem
678 1355 760 1395 satis
774 1356 908 1396 causae
928 1356 1039 1396 foret.
1062 1356 1186 1394 Immo
1207 1369 1327 1404 vero,

65 1412 152 1463 quis
165 1411 219 1449 ait
239 1410 520 1462 καταχράομαι
538 1411 666 1463 potius
680 1411 850 1463 genitivo
870 1411 1058 1462 gaudere?
1077 1410 1122 1448 Et
1138 1422 1226 1449 cum
1243 1410 1328 1449 sim·

66 1465 156 1518 plex
231 1465 347 1514 έιομαι
367 1465 539 1503 dativum
561 1464 747 1516 postulet,
763 1476 804 1503 ut
819 1464 881 1502 vel
901 1466 1026 1516 pueris
1044 1475 1064 1501 e
1086 1463 1237 1514 syntaxi
1258 1476 1329 1503 no-

66 1528 150 1557 tum
165 1480 240 1566 gg,
255 1518 440 1570 quidni&
454 1517 709 1570 compositum
726 1518 889 1556 eundem
905 1518 1031 1556 casum
1047 1515 1240 1556 servaret?
1257 1517 1329 1557 Sed

69 1584 159 1612 cum
179 1572 220 1611 &
242 1572 431 1612 Lucianus
456 1572 494 1611 δι
518 1573 579 1612 alii
603 1572 638 1610 id
662 1572 804 1624 ubique
827 1584 914 1610 cum
937 1571 1068 1610 dativo
1087 1570 1330 1619 construant,

67 1625 288 1678 (interdum
301 1655 314 1672 ‚
334 1624 394 1665 sed
417 1626 562 1670 rarius,
577 1626 690 1664 etiam
715 1637 804 1665 cum
819 1623 1068 1676 accusativo)
1087 1625 1214 1676 potius
1234 1625 1329 1663 dati-

68 1693 146 1719 vus
165 1695 228 1730 μοι
255 1678 505 1718 restituendus
527 1677 674 1726 fuisset,
693 1677 722 1717 fi
750 1679 789 1717 in
818 1678 976 1730 vulgata
998 1692 1070 1727 μου
1102 1677 1329 1729 legissemus.

68 1733 220 1774 Praeter
233 1733 408 1785 exempla
423 1731 484 1772 sex
497 1732 639 1786 septem
656 1733 794 1778 dativi,
811 1745 908 1784 quae
925 1732 1101 1783 Stephan.
1117 1732 1191 1769 iam
1205 1732 1327 1779 dedit,

69 1788 146 1826 vid.
163 1788 204 1827 δι
218 1786 422 1826 Herodian.
438 1786 556 1834 VIII,
580 1801 624 1834 4,
648 1800 695 1825 22
708 1816 719 1832 ‚
736 1786 883 1825 Aelian.
902 1784 955 1824 Ill
969 1816 979 1833 ,
997 1799 1054 1838 13,
1077 1785 1208 1830 &1X‚
1224 1799 1247 1837 9
1269 1798 1326 1836 pr.

69 1840 194 1881 Dion.
207 1841 333 1880 Halic.
349 1841 438 1879 Ant.
449 1839 569 1887 VIII,
586 1853 668 1891 pag.
680 1839 756 1888 487
773 1840 867 1879 med.
884 1840 991 1877 ἀλλὰ
1004 1837 1255 1891 καταχρῆσόέ
1264 1852 1328 1887 μοι

69 1895 147 1935 &c·.
169 1894 240 1934 Sed
262 1893 539 1947 καταχρῶνται
558 1895 594 1932 in
614 1894 695 1932 libr.
715 1892 943 1946 Apocryph.
968 1891 1078 1944 Epist.
1101 1892 1280 1931 Ieremiae
1295 1905 1333 1931 v·

71 1948 122 1989 28
137 1948 307 2000 iungitur
323 1947 556 1986 accusativo.
572 1947 707 1999 Quare
722 1960 771 1986 eo
788 1947 908 1999 magis
924 1947 1042 1984 miror
1059 1945 1215 1985 Graevii
1233 1944 1332 1984 festi-

73 2003 269 2041 nationem
281 2033 290 2050 ,
310 2002 377 2054 qui
391 2002 440 2040 ita
458 2013 592 2041 contra
607 2000 829 2040 tritissimam
850 2000 958 2040 verbi
973 1999 1149 2050 syntaxin
1165 2000 1332 2050 impege-

71 2057 132 2096 rit.
153 2055 296 2095 Rffi‘rz.

130 2111 203 2149 ead.
219 2111 243 2148 l.
261 2105 392 2159 17.‘³Hv
409 2130 454 2138 —
470 2107 670 2161 ἒιὲίιξας)
693 2107 756 2147 De
779 2107 849 2146 hac
870 2104 1073 2158 periphrasi
1094 2118 1161 2158 per
1183 2105 1335 2158 partici-

73 2163 180 2217 pium
197 2162 272 2202 vid.
287 2163 334 2202 ad
349 2176 380 2202 c.
399 2175 448 2214 30
461 2163 575 2202 huius
590 2162 756 2214 Dialogi.
770 2161 910 2200 RnTz.

131 2217 221 2269 Pag.
239 2230 323 2269 195.
350 2218 374 2254 l.
398 2229 436 2265 7.
461 2216 530 2254 Καὶ
552 2218 704 2256 πάντων
732 2213 961 2266 ὀφθαλμοῖς)
984 2214 1047 2252 An
1072 2212 1272 2264 legendum
1298 2211 1334 2250 ἑν

75 2269 499 2318 πάντων;ΟυΥΕΤ.Ἐν
514 2271 663 2308 πάντων
682 2270 787 2320 ὃφθ.)
811 2267 951 2307 Inserui
973 2268 1031 2305 hic
1054 2266 1141 2304 illud
1163 2265 1212 2306 ἐν,
1230 2264 1335 2316 quod

76 2336 204 2364 tamen
218 2325 254 2362 in
271 2324 377 2363 nullo
393 2323 492 2362 libro
507 2324 667 2374 reperio.
680 2321 822 2362 Phrafis
837 2321 967 2361 notior
980 2319 1032 2360 est
1043 2351 1052 2367 ‚
1064 2332 1179 2371 quam
1196 2331 1235 2356 ut
1251 2319 1336 2359 ideo

77 2378 142 2417 hic
155 2378 371 2430 apologiam
389 2389 528 2429 parem.
540 2377 695 2416 SOLAN.
709 2376 779 2414 Καὶ
795 2376 829 2414 ἐν
841 2379 992 2415 παντων
1008 2374 1143 2413 merito
1159 2372 1247 2422 legit
1265 2371 1337 2410 So-

79 2431 210 2476 lanus,
224 2445 309 2471 cum
324 2430 512 2481 Guyeto,
531 2430 571 2469 &
590 2443 722 2482 parum
737 2430 886 2476 aberat,
903 2429 994 2481 quin
1009 2424 1244 2466 inseruissem.
1266 2424 1338 2463 Sed

79 2485 173 2536 quia
188 2484 373 2537 nusquam
397 2495 593 2536 comparet
606 2484 655 2534 ἐν,
676 2483 847 2524 abstinui.
863 2482 1020 2523 Interim
1036 2490 1217 2532 oportere
1230 2478 1341 2517 inseri

79 2537 320 2582 manifestum
339 2536 404 2579 est.
428 2537 571 2578 Rnrz.
1006 2586 1049 2627 Ι,

1041 2601 1053 2626 ¹
1083 2601 1104 2641 3
