1764 3419
270 220 340 266 IN
373 218 591 266 IOVEM
624 216 1048 265 TRAGOEDUM.
1142 269 1145 271 ,
1205 234 1293 284 527

27 323 96 353 mo
117 310 186 358 fit,
199 309 241 350 &
256 309 430 364 respiciat
445 310 490 348 ad
510 309 686 362 parodias
708 308 790 347 illas
809 308 992 361 tragicas,
1009 321 1106 361 quas
1124 308 1293 362 Iuppiter

27 367 186 419 protulit
198 378 231 404 c.
249 377 285 412 1,
299 379 336 410 ³,
350 379 397 412 4,
415 365 466 402 ita
485 374 587 403 certa
610 362 690 401 visa
710 362 801 401 mihi
825 362 954 402 Solani
975 363 1193 401 emendatio
1209 394 1219 411 ‚
1244 378 1292 403 et<

28 419 110 472 ipso
129 419 298 458 Luciano
313 419 450 470 petita,
465 428 506 456 ut
531 429 615 455 eam
638 416 807 467 recipere
829 429 908 456 non
928 416 1192 455 dubitaverim.
1215 417 1291 456 Cui

29 482 158 521 tamen
178 472 333 524 vulgata
346 470 563 510 revocanda
578 470 744 518 videtur,
761 480 919 509 revocet
940 470 1054 508 etiam
1076 468 1292 508 versionem

28 525 211 573 Gesneri‚
228 537 328 577 quae
349 535 452 563 erat:
478 524 575 562 Satis
597 524 696 561 etiam
718 527 813 575 apud
829 537 892 562 nos
905 524 1014 576 prima
1037 523 1098 561 illa
1123 526 1218 575 quast
1235 539 1295 576 per

28 580 152 619 ebriam
165 578 398 618 contumeliam
416 575 515 630 effiaedi
542 578 565 616 i.
580 575 651 615 Sed
670 577 820 615 obstare
837 577 983 616 videtur
1005 576 1166 629 sequens
1178 578 1292 625 πλὴν,

29 634 137 686 quod
151 645 241 672 cum
255 644 326 685 pro
342 630 580 670 adversativa
594 630 862 670 coniunctione
882 633 1096 682 acceperint
1112 630 1296 682 interpre-

29 697 114 732 tes,
129 698 207 725 non
233 696 396 738 potuere
409 685 579 736 cogitare
601 683 646 722 de
666 683 857 734 παρῳέτᾳ.
882 685 935 722 At
960 684 1006 731 si,
1030 684 1134 736 quod
1157 697 1294 723 revera

30 738 215 793 fignificat
228 768 240 786 ‚
257 739 358 778 πλὴν
372 738 504 778 reddas
514 766 524 786 ,
540 739 633 791 quod
642 738 800 790 reliquum
814 740 856 790 est
866 769 877 785 ‚
892 739 963 777 iam
979 738 1074 778 belle
1087 738 1296 791 procedent

31 794 174 834 omnia.
199 792 346 832 REITz.

87 847 123 885 in
138 847 252 886 Schol.
266 847 328 886 col.
351 859 383 884 1.
397 845 420 883 l.
441 859 475 883 2.
490 842 759 897 Hpoifcso3oe1)
785 845 873 883 Hoc
895 843 1114 893 Scholium‚
1135 845 1203 884 nisi
1227 860 1294 900 per

30 899 112 940 Ox.
127 899 228 939 Cod.
244 899 344 938 foret
355 930 366 946 ‚
386 912 467 951 quo
480 897 684 937 referretur
704 910 782 936 non
798 897 897 937 effet.
912 897 983 938 Sed
997 911 1043 937 ex
1059 911 1107 938 eo
1124 912 1240 951 patet,
1255 901 1294 938 in

28 952 252 1007 quibusdam
267 952 476 992 Codicibus
491 952 539 991 ita
553 962 736 1004 corrupte
749 951 823 1004 legi
838 964 907 1003 pro
923 952 1166 992 ἀκούσεσὲαι·
1188 955 1293 1005 quod

30 1020 170 1047 verum
185 1006 258 1046 effe
269 1035 280 1052 ‚
297 1008 406 1045 locus
422 1005 496 1058 ipse
518 1004 657 1045 Scholii
672 1004 757 1044 satis
771 1004 995 1052 confirmat,
1016 1018 1104 1044 cum
1123 1007 1218 1046 inter
1233 1005 1294 1046 εὖ·

30 1060 314 1114 προσωποτάτη
328 1061 367 1099 &
383 1059 614 1109 διαμέλλεις
625 1059 662 1097 in
677 1058 785 1098 Voff.
802 1059 871 1098 Ms.
891 1058 1053 1112 posnum
1069 1059 1296 1101 sit.SOLA1:.

86 1115 177 1167 Pag.
192 1127 279 1163 240.
292 1114 314 1152 l.
334 1113 573 1164 1⁴.''Apgoiaoea)
590 1113 696 1152 Haec
714 1113 829 1152 verba
843 1113 879 1151 in
893 1113 1115 1166 quibusdam
1128 1144 1137 1161 ‚
1158 1117 1211 1154 uti
1228 1115 1296 1154 ha-

30 1167 142 1217 bent,
165 1168 367 1207 Mercurio
387 1168 622 1213 tribuuntur,
637 1166 676 1204 in
697 1165 775 1206 aliis
797 1167 1019 1213 immutata,
1035 1178 1076 1205 ut
1097 1181 1169 1220 pro
1185 1166 1295 1221 ἄρξο-

28 1236 103 1274 μαι
116 1251 128 1268 ,
144 1220 189 1260 fit
211 1219 348 1273 ἄρξαι,
374 1222 415 1260 &
437 1232 523 1260 ante
538 1219 625 1259 ἀντὶ
642 1250 650 1258 .
670 1249 678 1259 .
701 1249 709 1257 .
725 1221 880 1272 ponitur
896 1222 996 1259 Ζεύς.
1010 1221 1093 1272 Ego
1115 1222 1232 1268 hanc,
1250 1237 1292 1262 uc

28 1274 255 1328 scripturam
279 1275 487 1327 optimam,
514 1274 666 1313 secutus
691 1272 783 1312 sum.
799 1274 854 1313 Ut
881 1285 1008 1313 autem
1034 1275 1088 1312 sui
1111 1278 1294 1327 temporis

28 1328 225 1369 Rhetoras
246 1329 386 1373 rideat,
410 1329 506 1367 adeo
530 1327 700 1379 imperite
723 1326 808 1365 Iovi
833 1327 905 1366 suo
925 1329 1000 1367 hoc
1024 1327 1293 1368 Demosthenis

28 1383 276 1436 prooemium
298 1383 448 1429 tribuit,
469 1393 510 1421 ut
528 1381 590 1420 vel
610 1380 699 1420 illud
721 1379 855 1432 ἀνδρες
876 1382 1047 1427 excidat,
1069 1382 1173 1433 quod
1191 1396 1294 1422 voce

28 1436 110 1478 θεοὶ
122 1437 323 1476 emendare
339 1449 430 1475 mox
442 1446 620 1475 conatur.
632 1435 789 1474 SOLAN.
806 1433 841 1472 Si
855 1447 944 1474 cum
958 1436 1013 1474 Fl.
1033 1435 1144 1487 ἀρξαι
1166 1437 1269 1490 legas
1282 1468 1290 1481 ,ἢ

30 1490 135 1530 τεᾶε
150 1491 335 1530 Mercurii
349 1489 511 1543 persona
523 1489 786 1542 praemittitur,
801 1488 840 1528 δι
853 1488 956 1528 Iovis
968 1489 1095 1528 denuo
1106 1502 1194 1529 ante
1207 1491 1295 1529 ἀντὶ

30 1543 259 1584 collocatur.
274 1544 345 1583 Sed
358 1557 448 1584 cum
464 1544 500 1582 in
519 1543 680 1596 ἄρξομαι
697 1541 934 1582 consentiant
948 1555 1095 1583 ceterae
1106 1574 1118 1591 ‚
1132 1543 1207 1583 hoc
1222 1544 1296 1582 ser-

28 1598 137 1638 vavi.
154 1598 278 1637 Nimis
294 1608 420 1637 autem
435 1599 638 1637 earundem
654 1608 807 1649 apertus
824 1608 903 1636 erat
923 1609 1044 1643 error,
1062 1599 1168 1650 quod
1190 1599 1295 1636 Mer—

30 1651 143 1692 curio
161 1652 253 1692 haec
266 1652 487 1698 tribuerint,
505 1664 582 1690 non
603 1662 754 1689 mutato
772 1651 892 1690 verbo
905 1680 914 1695 ‚
934 1664 1003 1690 nec
1017 1651 1180 1702 repetito
1201 1663 1295 1690 mox

28 1705 140 1745 Iovis
157 1705 314 1745 nomine
325 1735 336 1750 ‚
352 1719 439 1745 cum
456 1705 587 1745 deinde
598 1734 612 1751 ,
625 1718 657 1744 c.
674 1705 718 1743 18
736 1702 762 1742 f.
777 1705 907 1744 denuo
919 1706 1041 1745 Merc.
1059 1706 1220 1758 loquens
1236 1706 1298 1750 in·⁸

31 1760 251 1800 duceretur.
272 1759 413 1798 RErrz.

85 1816 160 1852 ead.
174 1814 197 1852 l.
212 1827 248 1853 2.
259 1812 358 1853 Ἀντὶ
372 1812 520 1851 πολλῶν
534 1811 630 1860 διε.)
646 1810 847 1851 Demosth.
861 1810 927 1851 01.
944 1812 973 1851 Ι.
985 1812 1142 1852 SOLAN.

85 1867 195 1907 ead-l.
213 1865 466 1920 3.‘Tp.o‘{5)O.
487 1866 544 1905 Fr.
567 1867 605 1904 S.
630 1864 741 1906 reete.
762 1865 805 1904 In
827 1866 980 1919 reliquis
1004 1865 1112 1916 ἡμᾶς.
1136 1866 1293 1907 SOLAN.

29 1921 261 1971 Retinuerat
275 1920 462 1960 Parisinae
483 1920 539 1958 ed.
558 1921 742 1971 interpres
758 1917 868 1968 ἧμᾶς,
891 1933 935 1959 ac
956 1931 1083 1960 tamen
1105 1937 1168 1959 vos
1188 1923 1296 1960 dede·

31 1986 91 2016 rat
104 2005 116 2024 ‚
135 1974 242 2028 quod
263 1973 387 2014 sensus
409 1973 585 2028 postulat,
603 1972 742 2026 Quare
758 1973 844 2012 talia
868 1974 929 2013 vel
946 1973 1023 2013 sine
1045 1974 1191 2014 Codice
1212 1989 1298 2014 mu·

31 2038 166 2069 tarem.
188 2028 336 2068 Rmrz.

89 2083 179 2135 Pag.
198 2096 268 2132 241
278 2113 286 2121 .
299 2083 322 2121 l.
343 2095 374 2133 ς.
386 2076 698 2133 Περιπατῆπιιμι
712 2080 755 2119 τὸ
768 2079 940 2134 ὃειλινὶν)
951 2079 1048 2120 Sunt
1062 2082 1179 2121 verba
1191 2082 1296 2122 LXX

28 2137 246 2189 Interpretr.
261 2135 399 2177 Genes.
418 2135 468 2181 111
479 2164 489 2179 ,
505 2134 540 2173 8.
553 2146 608 2173 LA
622 2135 775 2174 CRozE.
792 2134 923 2173 Verba
943 2134 1080 2175 Genes.
1101 2136 1124 2174 l.
1140 2149 1172 2176 c.
1186 2135 1292 2176 sunt:

30 2191 103 2231 Καὶ
123 2190 284 2231 ἥκουσαν
307 2188 374 2230 ‘tric
393 2186 514 2240 φωννῖς
533 2188 652 2240 κυρίου
675 2188 742 2228 τοῦ
759 2186 846 2226 θεοῦ
867 2189 1168 2240 περιπατοῦντος
1187 2191 1221 2228 ἐν
1240 2189 1295 2238 τῷ

29 2243 257 2298 παραθείσῳ
280 2249 324 2283 τὸ
346 2243 517 2282 δειλινόν.
535 2241 679 2294 ΕΙΙίρίὶς
693 2254 820 2281 autem
840 2241 1004 2290 videtur,
1028 2256 1099 2295 pro
1123 2247 1229 2281 κατὰ
1249 2247 1293 2282 τὸ

29 2298 211 2345 ὃειλινδν,
223 2311 299 2351 qua
313 2298 428 2336 etiam
441 2297 561 2336 utitur
572 2296 694 2348 Long.
718 2295 810 2335 Past.
825 2295 898 2341 lv,
912 2310 945 2348 p.
965 2300 1035 2336 106
1060 2296 1083 2336 f.
1104 2298 1161 2335 ed.
1184 2297 1295 2335 Mon.

32 2350 140 2407 ἄγων
155 2351 200 2392 A&
221 2347 345 2390 αὐτὲις
361 2353 458 2401 (τὰς
471 2345 593 2402 αἶγας
606 2349 623 2403 )
636 2354 737 2390 πάνυ
758 2347 871 2396 ἕωθεν,
888 2349 950 2388 καὶ
974 2350 1140 2403 ἀπάγων
1162 2354 1206 2389 τὸ
1222 2351 1298 2389 Jec-

31 2406 142 2446 λινόν.
166 2405 269 2445 Idem
286 2405 327 2444 L.
352 2419 397 2452 2,
418 2417 502 2457 pag.
528 2418 593 2456 43,
618 2404 865 2457 συνέρχονται
889 2408 934 2442 τὸ
956 2403 1100 2443 ἑωθινὸν.
1122 2403 1180 2444 Sic
1202 2417 1294 2443 mox

30 2458 134 2500 Dial.
145 2458 248 2500 Galli
263 2458 459 2511 sequente,
474 2460 516 2496 ‘rb
525 2457 663 2511 ὂρθινόν.
678 2457 817 2510 Quare
830 2455 1009 2496 affentior
1021 2457 1298 2509 diligentissimo

26 2512 212 2568 Berglero
220 2542 237 2561 ,
261 2514 306 2555 τὶ
323 2510 461 2554 ἑωθινὸν
481 2510 723 2566 quoquepro
735 2514 799 2553 τὸν
814 2509 945 2552 ἑωθινὸν
959 2511 1159 2563 legendum
1179 2511 1216 2550 in
1231 2511 1297 2551 Al·
