1764 3419
281 267 345 310 IN
378 264 588 311 IOVEM
623 259 1080 310 CONFUTATUM.
1131 270 1134 273 ·
1227 281 1316 326 507

49 361 145 391 fante
159 364 272 401 quam
287 363 370 391 eam
384 349 605 391 demiffiss'et.
618 351 709 390 Non
723 351 838 403 igitur
851 351 1015 396 dolebit,
1031 349 1153 401 spero,
1174 350 1234 389 vir
1247 352 1315 390 hu-

56 404 285 444 maniffimus
297 435 308 454 ‚
321 417 381 444 me
394 406 469 444 hoc
485 415 631 443 mutare
644 404 786 444 ausum.
799 404 881 444 Nec
892 403 1054 443 diffiteor
1072 415 1213 448 tamen,
1228 416 1311 452 aor.

52 459 381 510 ἀναρτησάμενος,
408 459 597 497 valentem
626 474 698 496 cum
723 458 894 509 demifiro,
922 458 1158 508 mixtamque
1181 456 1314 495 futuro

53 512 245 564 praeteriti
259 510 572 564 significationem
587 512 802 557 habentem,
817 511 960 549 admitti
976 509 1091 562 polle,
1107 523 1174 548 nec
1186 522 1315 548 exem-

55 564 117 618 pla
140 564 290 611 desunt,
313 564 378 603 ubi
393 563 443 604 fic
461 563 595 604 futuro
611 565 800 616 iungitur3
815 576 857 603 ut
875 577 933 615 ap.
950 563 1063 602 Diod.
1087 564 1156 602 Sic.
1174 564 1255 601 init.
1270 564 1313 602 L.

6 634 9 637 ·
57 633 81 658 2
93 648 104 666 ‚
118 618 172 658 Ἐν
190 618 312 668 ταύτῃ
326 617 371 656 δὲ
386 617 660 670 ἀναγράψομεν
676 620 748 657 τὰς
761 620 866 657 κατὰ.
884 616 951 657 ‘rim
966 616 1092 656 Ἀσίαν
1105 617 1313 668 ’γενομένας

53 670 211 724 ’πράξεις
225 693 269 700 -
284 672 350 710 ‘tint
371 671 490 723 ἀρχὴν
510 671 778 720 ποιησάμενοι,
800 671 840 708 a&
861 671 964 718 alibi,
985 671 1078 722 quin
1099 672 1140 709 δι
1155 683 1235 709 aor.
1257 671 1314 708 in-

52 726 122 765 dic.
138 737 208 777 pro
225 724 407 763 eiusmodi
421 724 537 763 futur.
552 725 713 763 Homer.
731 724 770 762 ll.
793 730 825 762 Δ
837 753 846 770 ,
871 725 957 771 161,
976 746 1020 753 -—
1033 738 1109 777 με’)
1119 722 1198 772 άλῳ
1215 723 1314 762 ἀπέ-

50 792 188 818 τισσαν
206 777 433 828 (ἀπέτισαν
448 776 578 817 Clark.
603 778 644 817 &
662 776 838 829 Barnes.)
854 791 975 827 magno
992 778 1084 815 luent
1095 808 1107 823 ‚
1132 777 1311 830 (luerint.)

46 831 99 882 -Εῐ
116 831 304 871 Herodot.
325 831 367 877 I,
383 831 442 877 X,
463 845 498 883 p.
518 845 553 882 5,
567 841 749 869 monente
763 831 920 869 Horreo
940 831 978 868 in
995 829 1087 870 Obs.
1108 830 1204 869 Crit.
1223 844 1308 882 pag.

5 912 10 914 -
54 897 124 936 19,
146 886 182 926 ἑν
197 884 260 932 νόῳ
285 883 434 938 ἔχουσα
453 884 642 924 τίσασθαι
666 886 728 923 τον
754 883 990 923 Και’δ“αὑ).εα.
1006 884 1084 922 Ubi
1108 883 1221 922 Horr.
1248 884 1311 922 vel

47 939 186 978 nimius
200 937 253 977 est
271 939 309 978 in
331 938 535 990 probandis
549 936 731 976 eiusmodi
751 936 876 976 aorist.
898 936 1001 976 infin.
1016 936 1086 976 Sed
1101 950 1186 976 cum
1202 937 1312 976 futu·

48 1005 132 1031 rum
147 993 376 1038 invenerim,
396 992 431 1029 id
444 1003 493 1029 eo
510 990 652 1030 facilius
669 991 829 1042 arripui,
847 1001 982 1042 utpote
1005 990 1063 1029 hic
1085 992 1311 1031 accuratius.

47 1045 91 1085 In
105 1046 189 1085 aliis
202 1046 300 1084 enim
315 1044 496 1096 exemplis
509 1044 624 1095 paulo
645 1044 715 1082 alia
733 1043 787 1082 est
801 1044 914 1083 ratio.
927 1044 1074 1082 Rmz.

100 1101 176 1138 ead.
199 1099 221 1138 l.
245 1098 445 1150 12.''E(pn5)
470 1097 594 1148 Quod
616 1099 668 1136 FI.
694 1097 756 1137 hic
783 1094 928 1145 ἔφησθα
952 1097 1086 1144 habet,
1109 1110 1188 1137 non
1213 1098 1310 1137 adeo

48 1152 214 1193 alienum
235 1150 308 1200 est3
329 1164 415 1191 nam
439 1151 479 1191 δι
496 1150 547 1190 sic
568 1149 695 1190 rursus
712 1150 807 1189 infra
825 1163 908 1203 cap.
935 1164 980 1189 10
1000 1152 1129 1189 eadem
1145 1165 1232 1190 cum
1248 1163 1311 1190 ce·

47 1207 156 1246 teris:
171 1218 207 1246 at
221 1218 311 1246 cum
325 1216 531 1258 utrumque
545 1204 706 1253 reStum,
722 1202 886 1256 &saepe
905 1215 1103 1250 occurrat,
1115 1205 1207 1243 nihil
1222 1218 1308 1244 mu-

48 1270 102 1299 to.
127 1260 272 1299 Rmrz.

101 1314 183 1354 ibid.
203 1313 276 1354 Μὲν
293 1312 379 1366 τὴν)
393 1311 455 1352 Sic
469 1311 554 1351 Mff.
569 1310 649 1351 Ox.
662 1312 701 1350 δι
715 1310 753 1350 Ρ.
767 1310 903 1349 melius
915 1323 1028 1362 quam
1042 1310 1140 1349 utin
1158 1309 1309 1363 impres-

43 1366 95 1406 sis
110 1367 186 1413 est,
203 1366 272 1407 τὴν
284 1367 366 1416 μέν.
383 1365 540 1405 SOLAN.
555 1367 623 1405 Τὴν
638 1365 731 1416 μὲν)
753 1363 792 1402 Si
818 1365 862 1403 ad
881 1361 995 1403 αὖτος
1016 1363 1211 1416 respicias,
1228 1377 1308 1403 me-

47 1421 121 1460 lius
137 1422 206 1461 erit
217 1420 285 1471 μὲν
298 1432 389 1460 cum
405 1419 548 1459 Solano
562 1417 811 1471 praemisisse,
829 1431 966 1457 verum
980 1417 1007 1456 sl
1022 1418 1067 1456 ad
1087 1416 1280 1470 sequentia

46 1474 132 1514 τοὺς
145 1474 252 1515 θεοὺς
270 1473 316 1514 ἑὲ
328 1505 340 1523 ,
353 1473 493 1515 reffius
505 1471 784 1527 postposueris3
806 1471 970 1523 ideoque
982 1472 1023 1509 in
1042 1470 1198 1524 vulgata
1211 1447 1308 1509 nihii

3 1541 6 1546 ·
46 1529 202 1568 mutavi.
224 1528 369 1568 REITz.

101 1585 174 1622 ead.
190 1584 215 1622 I.
236 1578 703 1634 ι4.Ἐκκρεμαννυμένους)
724 1579 801 1619 Etfi
823 1579 988 1630 probum
1006 1591 1187 1631 quoque,
1201 1576 1308 1630 quod

43 1635 84 1675 in
109 1635 189 1676 Ox.
213 1636 289 1684 est,
312 1635 616 1686 ἐκκρεμαμένους·
644 1633 795 1673 servavi
819 1643 945 1671 tamen
971 1633 1165 1685 vulgatam
1191 1632 1243 1670 ob
1268 1631 1307 1669 id

44 1688 167 1743 ipsum
179 1719 189 1736 ,
209 1691 300 1742 quia
314 1690 438 1728 rarius
457 1689 518 1727 illa
531 1687 655 1728 forma
667 1686 855 1734 occurrit,
869 1699 984 1739 quam
1006 1687 1145 1733 altera-3
1164 1697 1234 1724 nec
1250 1695 1308 1724 ta-

45 1756 133 1784 men
147 1744 288 1784 Nostro
309 1742 496 1783 inufitata.
517 1741 578 1782 Sic
594 1741 703 1793 supra
717 1740 819 1780 Tox.
839 1752 872 1778 c.
893 1741 941 1785 6,
959 1739 1306 1789 ἐκκρεμαννύμενοι,

44 1798 111 1839 ubi
125 1798 220 1838 idem
234 1810 282 1837 ex
295 1796 517 1850 Thucydid.
531 1795 608 1835 VII
631 1793 806 1849 probavi.
830 1790 986 1833 Interim
1011 1791 1246 1842 ἐκ-νὺμενοι
1265 1792 1307 1831 &

23 1851 105 1892 hic
127 1852 265 1891 malim.
287 1851 428 1891 RElrz.

96 1908 169 1944 ead.
182 1907 206 1944 l.
221 1906 278 1945 16.
293 1903 396 1954 Αὖτξῖ
412 1903 492 1957 κεν)
507 1905 669 1943 Homer.
690 1903 732 1942 ll.
752 1908 808 1947 Θ,
822 1914 882 1950 24.
902 1900 1058 1940 SOLAN.

0 2002 1 2006 ,
97 1960 133 1998 in
145 1959 261 1998 Scle
277 1959 338 1998 col..
359 1971 389 1998 1.
400 1956 470 1996 Τοῦ
482 1960 569 1998 Διὶς
583 1956 686 2010 διε.)
700 1957 790 1996 Hoc
813 1955 938 1994 Schol.
958 1955 1054 1992 male
1073 1952 1233 1991 relatum
1258 1951 1306 1991 ad

0 2057 1 2066 ἵ
43 2013 163 2056 verba
181 2010 247 2052 τοῦ
272 2012 370 2051 Λίνου
383 2008 524 2056 αὐτῶν,
539 2011 576 2049 in
591 2010 712 2051 sedem
729 2009 832 2049 suam
844 2007 1006 2047 restituit
1019 2007 1145 2046 Solan.
1159 2007 1304 2047 RHTz.

0 2070 1 2078 ¹
98 2068 187 2120 Pag,
208 2080 296 2119 205.
310 2067 332 2104 l.
349 2081 384 2115 4.
399 2063 504 2118 Γοῢν)
523 2066 612 2105 Hoc
629 2063 748 2103 ferme
772 2062 1032 2108 admitterem,
1052 2071 1094 2099 ut
1110 2072 1201 2098 mox
1221 2072 1252 2098 c.
1263 2072 1306 2107 7,

43 2119 171 2167 βούλει
217 2119 275 2160 οὖν
301 2118 511 2172 ἐπαγάγω·
524 2117 585 2158 sed
601 2131 761 2164 memor,
779 2116 823 2155 δὲ
837 2128 925 2155 cum
939 2114 1004 2153 illo
1020 2114 1133 2153 toties
1145 2112 1309 2152 confun-

42 2174 80 2213 di
93 2203 104 2220 ,
122 2185 167 2214 ut
202 2174 296 2226 'aepe
314 2173 486 2224 distingui
502 2182 690 2224 nequeat,
706 2171 901 2222 vulgatam
916 2168 1075 2207 servavi.
1092 2167 1180 2205 Vid.
1195 2166 1307 2221 supra

42 2227 165 2281 Imag.
179 2241 209 2267 c.
227 2242 241 2266 1
256 2240 272 2279 5
288 2226 312 2266 f.
326 2226 390 2266 ubi
403 2226 458 2265 bis
470 2225 507 2265 δ’
519 2221 576 2265 οὖν
587 2225 664 2265 fine
677 2226 859 2264 varietate
877 2223 1024 2274 legitur.
1040 2221 1180 2260 Rmz,

96 2284 171 2320 ead.
184 2282 208 2319 l.
221 2281 257 2320 6.
274 2279 498 2333 Θεωροῦσα)
521 2279 744 2332 Elegantius.
754 2278 792 2316 in
807 2277 927 2316 veteri
940 2274 1086 2315 Codice
1106 2273 1303 2312 scribitur:

44 2334 164 2374 Δοκεῖ
173 2334 212 2374 :1⁰
225 2329 282 2374 οὖν
295 2349 358 2385 μοι
382 2333 613 2384 ἓνκαιότερον
636 2331 682 2371 ἂν
702 2330 720 2373 ἦ
744 2330 872 2370 Κλωθὼ
883 2326 1278 2389 μεγαλαυχήσασθαι
1289 2353 1304 2370 ,

43 2383 92 2428 ὦς
104 2388 168 2427 καὶ
181 2385 296 2428 αὐτόν
310 2402 353 2427 σε
367 2388 619 2427 ἀνάσπαστον
632 2383 815 2436 αἰωροῦσα
830 2384 873 2423 ἐκ
883 2398 950 2422 του
968 2383 1173 2433 ἀτράκτου,
1191 2378 1304 2417 καθα·

43 2456 115 2493 περ
128 2441 160 2480 οἱ
172 2441 292 2481 ἁλιεῖς
306 2441 348 2480 ἐκ
360 2439 428 2480 τοῦ
441 2440 618 2490 καλάμου
634 2442 686 2477 τὰ
700 2437 870 2492 ἰχθύδια.
887 2436 983 2475 ΜὶΙιί
996 2437 1127 2473 videtur
1139 2434 1233 2484 longe
1247 2433 1303 2471 iu-

35 2497 171 2550 stiorem
193 2496 331 2547 caufhm
347 2495 514 2548 gloriandi
536 2495 652 2533 Clotho
672 2495 810 2538 habere,
833 2506 917 2544 quae
943 2501 973 2527 te
997 2489 1105 2541 ipsum
1124 2490 1301 2525 ammaum

37 2549 217 2606 fitspendet
225 2565 268 2588 ex
276 2548 360 2602 fusb
370 2579 383 2595 ,
394 2550 486 2601 ficut
492 2547 678 2602 piscatores
691 2549 726 2588 in
738 2546 900 2586 arundine
908 2543 1028 2598 pifies.
1043 2543 1076 2581 V
1084 2540 1202 2594 ulgati
1213 2543 1304 2582 θέω-τ
