1764 3419
435 186 1507 278 4m'ANN0TAT1oNEs

438 298 514 337 παπ·
529 299 579 337 ad
588 299 740 353 aliquid,
753 299 852 351 apud
865 299 977 339 eund.
1000 298 1040 344 1,
1061 298 1133 346 64,
1146 312 1186 337 v.
1203 313 1265 349 32,
1277 297 1557 339 ἐπικλασθῆναι
1574 300 1618 340 δ’·ἐ
1635 300 1702 341 τὶν

437 350 627 401 Ἀμοὺλιον
641 355 693 393 εἰς
705 351 816 392 τοῦτο
828 382 841 398 ,
856 350 1087 391 ἱκετευούσης
1101 351 1167 390 τῆς
1190 356 1395 406 θυγατρὸς,
1416 353 1515 392 unde
1538 353 1696 394 Luciani

436 403 562 445 sensus
575 404 683 446 facile
696 417 811 459 patet.
824 403 940 445 Cons.
953 404 1125 444 nostrum
1138 405 1242 444 Tox.
1258 418 1290 446 c.
1305 419 1365 444 20.
1379 406 1526 445 Rem-z.

495 461 566 497 ead.
580 460 604 499 l.
623 474 679 509 ¹4·
691 457 898 510 Ἐπαίνους)
909 456 1010 498 Cum
1027 458 1119 498 haec
1136 459 1264 510 itaque
1274 457 1471 503 scriberet,
1488 459 1700 499 clarusiam

437 510 586 564 scriptis
614 513 805 553 Lucianus
827 510 942 551 fuerit
965 522 1140 562 oportet,
1154 512 1273 551 immo
1290 524 1368 551 non
1393 511 1536 564 scriptis
1551 523 1699 552 tantum

437 566 694 617 quibuslibet,
708 564 767 604 sed
783 565 922 616 Satyra
934 595 947 611 ‚
962 563 1029 603 nisi
1042 577 1103 604 me
1123 563 1343 605 coniectura
1361 565 1466 605 fallit.
1486 566 1576 606 Hoc
1594 567 1699 606 enim
1762 570 1764 574 '

437 619 559 657 verba
571 618 638 658 ista
655 620 832 658 innuunt.
847 618 1004 658 SOLAN.

493 672 583 724 Pag.
596 672 656 725 38.
669 672 692 710 l.
712 686 769 723 13.
784 672 904 724 Παῤ)
919 673 989 711 W.
1001 671 1114 711 reste.
1128 671 1172 711 In
1186 671 1366 724 impreffis
1377 672 1567 712 &vr'.Vid'e
1579 685 1612 712 c.
1630 673 1700 719 16,

439 724 506 763 ubi
526 725 582 764 bis
594 727 760 765 occurrit
778 725 871 765 illud
883 725 1000 776 παρὰ.
1022 724 1179 765 SOLAN.
1192 725 1277 764 Ἀπ’
1298 725 1456 778 ἐκείνης)
1472 726 1553 766 Etsi
1562 739 1702 766 verum

439 776 495 816 est
507 807 516 824 ‚
534 780 642 831 παρὰ
654 808 666 824 ,
679 779 784 831 quod
794 780 864 818 W.
884 778 1017 824 habet,
1032 778 1092 818 hic
1106 777 1190 818 fore
1203 778 1376 818 usitatIus
1386 793 1399 826 ;
1411 792 1454 818 ut
1469 779 1590 832 Long.
1605 778 1703 819 Past.
1755 783 1764 820 ’Δ

437 830 517 880 ΙΙΙ,
531 845 567 884 p.
589 845 659 884 130
672 863 683 882 ‚
697 832 785 883 παρ’
803 830 892 882 ἐμοῦ
904 831 1000 871 seori
1013 832 1254 885 τρισχιλίοιι,
1268 832 1369 884 (scil.
1385 832 1596 897 sfoexpmj)
1614 849 1637 872 a
1654 848 1703 872 me
1763 860 1764 868 ι

434 883 526 935 ftres
543 888 607 923 lzas
625 897 673 924 ter
685 887 771 925 mille
789 887 991 932 drachmas;
1010 886 1219 924 Herodian.
1236 886 1273 933 Ι,
1290 899 1326 932 1,
1341 901 1390 934 4,
1405 886 1482 939 εγὼ
1495 885 1532 926 ‹5’
1545 886 1707 938 ἱστορίαν

442 934 483 978 οὐ
495 939 582 992 παρ’
593 937 719 978 ἄλλων
734 938 1034 991 ἀποέεξοὶμενος,
1049 939 1090 978 &
1102 937 1243 992 saepiff.
1257 938 1345 978 alibi
1362 952 1384 978 a
1413 939 1463 978 ud
1477 940 1577 980 hunc
1595 938 1709 980 alios·
1763 958 1764 965 ¹

439 1004 542 1044 que,
557 992 643 1032 ideo
657 1003 782 1032 tamen
795 993 895 1038 ἀπὸ,
921 993 1026 1044 quod
1047 992 1086 1031 in
1102 993 1183 1032 edd.
1196 991 1275 1039 est,
1295 992 1356 1045 (δι
1387 1005 1448 1032 1ne
1460 993 1578 1034 dubio
1591 994 1709 1033 etiam
1754 997 1758 1005 '

441 1045 483 1084 in
503 1045 583 1085 aliis
603 1044 723 1086 Codd.
748 1047 837 1099 quia
854 1046 946 1085 nihil
968 1058 1017 1084 ex
1036 1046 1082 1085 iis
1102 1047 1293 1086 varietatis
1316 1057 1496 1086 notatum
1518 1047 1708 1100 invenio)

441 1111 524 1138 non
541 1099 673 1139 reiicio
688 1113 775 1141 cum
791 1099 948 1140 Solano.
972 1099 1074 1138 Nam
1098 1100 1135 1138 in
1157 1098 1237 1152 ipso
1257 1100 1384 1140 verbo
1404 1099 1708 1152 ἀποὸεξέιμενος,

442 1152 530 1192 licet
548 1166 636 1194 cum
659 1156 765 1206 παρὰ
784 1153 978 1205 iungatur,
999 1152 1232 1206 praepositio
1245 1157 1324 1193 &orb
1338 1153 1442 1194 inest.
1460 1154 1514 1194 At
1528 1167 1607 1194 non
1624 1153 1711 1194 satis
1763 1182 1764 1193 i

446 1205 501 1246 est
515 1219 563 1246 ex
579 1207 800 1260 compositis
815 1207 1046 1247 ratiocinari.
1059 1207 1205 1247 Verum
1220 1207 1308 1260 quid
1327 1206 1472 1254 obstat,
1489 1220 1570 1260 quo
1584 1208 1711 1248 minus
1754 1205 1761 1224 ¹

447 1260 520 1299 ἀπ’
543 1261 682 1301 ἐκείνης
706 1260 911 1313 accipiatur
926 1271 967 1300 ut
990 1260 1126 1308 locus,
1147 1261 1245 1301 unde
1265 1261 1325 1301 ille
1340 1259 1464 1302 ferens
1479 1260 1611 1301 venit?
1632 1261 1711 1301 hoc

445 1314 549 1354 enim
563 1314 670 1354 sensu
684 1315 760 1354 ἀπο
776 1313 829 1354 est
841 1313 1178 1367 frequentissimum
1191 1345 1203 1362 ‚
1220 1314 1285 1354 etsi
1302 1327 1380 1354 non
1400 1315 1512 1354 locus
1523 1345 1536 1361 ‚
1549 1314 1610 1354 sed
1629 1327 1714 1368 per.

445 1366 541 1407 sona
562 1369 797 1415 nominatur,
822 1379 863 1407 ut
885 1368 985 1421 apud
1008 1368 1122 1407 eund.
1143 1369 1288 1408 Herod.
1309 1368 1387 1415 111,
1407 1380 1441 1419 ς,
1460 1382 1472 1406 1
1485 1382 1520 1415 1,
1534 1368 1619 1408 οὔτε
1632 1369 1714 1422 γάρ

449 1435 512 1461 τις
530 1443 575 1451 -
593 1424 670 1461 ἀπὸ
692 1420 760 1462 τοῦ
785 1418 943 1473 Σεβῆρου
964 1422 1253 1473 ἀφικνουμένων.
1274 1422 1333 1462 Sic
1357 1421 1485 1461 cufim
1509 1423 1588 1462 ἀπὸ
1612 1421 1715 1472 ἕνμῶν

448 1474 536 1514 sunt
557 1474 676 1528 spolia
691 1488 713 1514 a
735 1475 845 1515 nobis
865 1475 988 1514 ablata
1000 1506 1011 1523 ,
1027 1474 1107 1514 five
1120 1477 1158 1514 de
1177 1477 1285 1524 nobis,
1305 1488 1366 1528 ap.
1384 1475 1567 1527 Thucyd-
1582 1475 1660 1521 111,
1679 1487 1717 1516 c.

456 1541 517 1581 57,
533 1527 596 1582 83.
610 1528 737 1569 Immo
749 1529 838 1583 quia
851 1530 1057 1580 λαμβάνειν
1071 1529 1149 1568 ἀπὸ
1166 1532 1278 1577 τινος,
1290 1528 1360 1568 ἀπ’
1371 1543 1489 1576 ωκου,
1501 1529 1543 1569 ὃ(
1561 1528 1690 1568 similia
1700 1558 1716 1576 ,

449 1581 552 1622 reae
572 1581 765 1629 dicuntur,
781 1582 965 1635 quidni&
981 1582 1140 1634 κομίζειν
1156 1581 1207 1622 s1c
1223 1581 1334 1634 poffit
1352 1583 1541 1632 construi,
1560 1595 1641 1623 non
1657 1584 1718 1626 vi·.

450 1637 547 1681 deo,
560 1635 647 1675 licet
657 1637 832 1688 exempla
846 1636 920 1675 iam
936 1648 1018 1676 non
1029 1634 1260 1675 succurrant.
1277 1636 1423 1676 Rfirrz.

511 1689 599 1741 Pag.
615 1703 675 1742 39.
688 1691 713 1729 l.
725 1692 761 1731 6.
773 1690 1048 1744 Ἐγχυθέντος)
1065 1690 1190 1728 Antea
1204 1690 1243 1728 in
1258 1690 1441 1730 omnibus
1454 1690 1565 1743 impr.
1579 1688 1717 1742 &ipso

452 1743 510 1783 M.
526 1742 724 1795 legebatur
740 1744 799 1783 hic
814 1745 853 1783 δι
873 1756 953 1797 cap.
977 1758 1026 1795 29
1043 1741 1281 1796 ἐκχυθέντος,
1299 1742 1464 1797 peffime.
1483 1744 1567 1796 Ego
1584 1742 1720 1784 sedulo

454 1797 629 1837 mutavi:
647 1797 733 1837 vide
743 1798 912 1849 Ἀποκηρ.
926 1809 960 1837 c.
977 1796 1000 1836 8
1011 1827 1023 1843 ,
1038 1797 1105 1836 ubi
1119 1796 1219 1836 reete
1233 1796 1423 1844 scribitur,
1439 1797 1479 1837 δι
1494 1798 1532 1836 ἰιι
1545 1804 1628 1836 Δικ.
1644 1796 1722 1849 pas-

453 1850 544 1899 fim,
558 1863 606 1889 ne
623 1851 748 1890 teiam
762 1852 808 1890 ad
820 1851 915 1890 alios
927 1851 1151 1890 innumeros
1168 1849 1368 1902 scriptores
1383 1851 1581 1890 amandem
1592 1879 1606 1897 ,
1617 1851 1719 1903 apud

454 1917 557 1957 quos
571 1903 729 1945 forensis
742 1904 804 1944 illa
816 1903 982 1944 formula
994 1917 1192 1956 nunquam
1205 1904 1313 1943 aliter
1324 1903 1492 1944 effertur.
1503 1905 1661 1945 SOLAN.

511 1960 583 1997 ead.
606 1959 630 1997 l.
660 1971 717 1998 10.
739 1957 910 2009 Ἱμεραῖον
946 1957 1103 1997 ποιητὴν
1120 1958 1136 2010 )
1170 1961 1237 1997 Γον
1269 1958 1514 2012 Στησίχορον.
1548 1957 1722 1999 GUYE'r-'

455 2010 592 2063 Quem
617 2010 676 2051 hic
702 2012 881 2064 intelligat
893 2041 904 2057 ‚
926 2010 955 2052 fi
977 2010 1118 2051 nescias
1129 2040 1141 2058 ,
1169 2010 1285 2051 disces
1303 2024 1352 2052 ex
1380 2011 1524 2051 Nostro
1555 2012 1597 2051 in
1624 2013 1720 2052 Ver.

458 2065 554 2105 Hist.
576 2065 638 2112 11,
654 2078 687 2105 c.
701 2079 759 2117 15.
783 2065 898 2105 Certe
919 2077 998 2104 non
1023 2064 1254 2112 Theocritum,
1268 2066 1337 2118 qui
1359 2065 1616 2117 Syracufiznus.
1646 2068 1721 2106 1-124
1759 2081 1764 2115 q

459 2134 620 2158 meracum
639 2130 767 2158 autem
786 2118 891 2158 fuiffe
913 2119 1133 2169 Stesichorum
1145 2150 1157 2167 ‚
1174 2117 1309 2158 diserte
1321 2119 1504 2159 docemur
1522 2119 1621 2172 apud
1640 2119 1723 2160 Pla-

460 2182 594 2212 tonem
606 2173 644 2210 in
658 2172 830 2212 Phaedro
849 2171 1031 2224 (citatum
1051 2172 1247 2224 Stephano
1269 2174 1307 2211 in
1327 2173 1457 2224 Lyric.
1473 2186 1557 2226 pag.
1574 2186 1646 2221 147
1660 2173 1722 2227 b.)
1759 2197 1764 2222 4

459 2226 523 2265 Ad
536 2225 794 2266 Stefiehorum
807 2227 924 2265 etiam
944 2225 1045 2266 reete
1059 2224 1228 2266 referunt
1241 2225 1342 2266 Coll.
1360 2226 1517 2276 SOLAN.
1533 2229 1645 2267 Κατὰ.
1655 2229 1723 2268 τὸν
1759 2226 1764 2277 '1

458 2279 526 2330 Ἱμ.
550 2279 726 2327 ποιητὴν)
751 2279 1032 2326 Stesichorum,
1053 2281 1121 2331 qui
1144 2281 1313 2320 carmine
1333 2278 1489 2321 laeserat
1512 2279 1723 2330 Helenam,
1761 2305 1764 2330 ,

459 2333 524 2379 δι,
537 2334 720 2373 caecitate
731 2332 798 2372 fibi
812 2346 833 2373 a
852 2331 1029 2372 fratribus
1040 2333 1137 2373 illius
1150 2332 1323 2380 immissa,
1340 2334 1528 2386 palinodia
1541 2346 1627 2374 eam
1643 2333 1722 2387 pla-
1761 2351 1764 2391 Ι

461 2387 575 2427 cavit.
587 2387 622 2426 N
627 2398 695 2426 ota
705 2387 767 2428 vel
780 2400 828 2426 ex
840 2386 985 2427 Nostro
999 2386 1137 2427 fabula.
1156 2387 1281 2433 GESN.
1762 2414 1764 2436 ,

518 2442 591 2479 ead.
615 2441 639 2479 l.
667 2453 723 2494 13.
742 2439 988 2488 Ἀντιὲίκοις)
1016 2439 1158 2480 Forsan
1181 2441 1215 2481 ἑν
1240 2439 1454 2481 ἀντιδίκοις.
1477 2439 1645 2481 GUYET.
1667 2440 1722 2481 'Eu
1763 2453 1764 2491 l

461 2493 698 2544 ἀντιὲίκοις)
723 2493 951 2535 Particulam
974 2494 1028 2542 ἑν,
1049 2507 1151 2549 quae
1170 2495 1211 2537 in
1230 2494 1335 2536 libris
1356 2494 1496 2536 nostris
1511 2494 1723 2545 exciderat,
1763 2523 1764 2550 ³

1755 1767 1764 1792 ³
