1764 3419
254 227 322 275 ΙΝ
355 226 657 275 SOMNIUM
691 225 804 273 SEU
838 225 1148 275 GALLUM..
1233 229 1324 295 569

64 329 150 361 mus
167 317 220 359 est
232 319 399 360 Livianis
419 320 489 361 illis
507 320 661 361 XXVII
676 349 689 366 ,
706 333 777 370 27:
800 320 842 359 L.
862 321 998 361 Caelius
1021 320 1179 373 tripHcem
1199 322 1244 359 rei
1267 335 1324 372 ge·

56 376 130 427 stae
142 375 285 414 ordinem
301 375 370 413 edit
380 389 392 413 .·
406 390 510 415 unam
523 375 686 414 traditam
699 373 803 426 flama
812 405 824 422 ‚
840 374 980 414 alteram
988 373 1151 426 scriptam
1161 404 1174 420 ‚
1189 375 1321 414 tertiam

0 474 1 483 ἵ
63 441 165 480 quam
181 427 250 483 ipse
257 442 319 480 pro
333 429 490 482 inquifita
513 444 554 467 ac
565 429 631 480 fibi
651 439 815 481 comperta
826 427 933 480 affirt.
956 427 1034 469 Ubi
1049 426 1189 480 poffem
1207 426 1324 478 suspi-

61 480 138 520 cari
148 509 158 527 ,
173 483 218 521 ‘rb
231 482 377 522 ordinem
398 480 539 522 veniffe
550 494 598 525 ex
613 482 833 534 permutatis
848 483 887 520 δι
897 482 1101 521 contractis
1113 480 1229 520 literis
1247 493 1321 532 pro

60 534 233 575 rationem.
255 534 328 574 Sed
347 534 467 575 simile
491 534 637 574 exstare
653 535 770 574 video
797 536 834 573 in
851 536 1028 575 Varrone
1043 534 1105 573 lib.
1125 547 1140 572 1
1160 533 1207 573 R.
1224 533 1271 573 R.
1287 546 1325 575 c.

66 599 134 628 12:
147 587 214 626 Sin
230 600 347 640 cogare
354 588 537 642 secundum
547 591 677 639 flumen
696 589 874 637 aedificare
885 619 895 634 ,
915 591 1097 629 cavendum
1109 617 1124 634 ‚
1142 603 1182 627 ne
1202 590 1324 626 adver-

56 640 138 696 sum
151 655 222 680 eum
232 656 358 694 ponas,
381 643 484 694 quasi
507 641 665 694 putasset
688 640 725 681 se
746 641 923 694 icripfiffe
937 643 1079 690 fluvium
1095 642 1159 681 vel
1179 650 1325 683 amnem.¹

60 693 158 733 Item
183 694 220 733 in
239 695 411 735 Vitruvii
428 695 665 748 praefatione
686 695 770 734 libri
784 695 879 735 VII:
902 696 1019 748 Itaque
1045 696 1203 748 quoniam
1220 695 1323 747 sexto

62 748 232 788 volumine
239 749 452 801 privatorum
465 749 692 799 aedificiorum
705 749 850 788 rationes
859 748 1043 803 perscripsi,
1063 750 1099 789 in
1116 751 1190 794 hoc,
1205 750 1263 802 qui
1268 749 1326 800 se-

54 801 201 855 ptimum
222 813 308 843 tenet
327 817 498 842 numerum
510 833 525 850 ,
539 804 577 841 de
600 802 857 855 expolitionibus
875 817 1051 856 exponam.
1065 802 1246 843 Ceterum
1265 802 1325 842 sed

57 854 215 906 quentia
230 856 349 896 verba
364 856 428 896 noti
449 855 522 908 ὅρον
547 855 647 908 ἔχων
668 854 738 896 τῆς
759 852 934 896 πτήσεως
957 859 1021 897 τὀν
1042 852 1155 898 ὕπνον
1177 857 1323 908 impru-

57 908 191 951 denter
211 908 252 952 &
273 910 400 962 inepte
419 921 598 955 vertunt,
612 909 777 962 metasque
799 911 940 949 volandi
953 910 1178 963 praescriptas
1199 912 1321 950 habeat

53 961 236 1020 fhmnium.
250 962 307 1002 Ita
318 963 420 1015 apud
433 964 654 1015 interpretes
670 963 900 1002 insomnium
916 964 1030 1004 habet
1041 976 1162 1004 metas
1184 964 1322 1003 volan-

56 1015 95 1057 di
114 1013 323 1064 somnium3
342 1029 440 1070 quae
457 1018 543 1069 quis
559 1017 755 1069 intelligit?
770 1017 960 1056 Lucianus
977 1017 1023 1058 de
1035 1016 1114 1070 ipso
1131 1017 1267 1057 somno
1282 1016 1320 1058 id

56 1068 172 1116 dicit,
187 1069 228 1109 δι
247 1070 352 1123 poffe
369 1070 511 1110 tamdiu
531 1070 814 1110 circumvolare
835 1069 1046 1119 somnium,
1066 1071 1188 1111 donec
1208 1070 1320 1111 duret

55 1120 229 1169 somnuS,
241 1122 343 1169 reete
357 1124 399 1164 &
410 1122 680 1177 elegantiffime
695 1123 831 1165 statuit.
845 1123 990 1166 GRON.
1000 1124 1204 1176 Ἐνυπνίου)
1216 1123 1320 1176 Quis

56 1175 221 1223 dixerit,
237 1175 413 1219 studione
434 1190 483 1218 an
496 1190 632 1230 parum
653 1187 795 1217 attenta
812 1188 938 1218 mente
959 1178 1010 1218 fic
1031 1178 1173 1218 dederit
1186 1179 1322 1218 Lucia-

58 1230 157 1270 nus?
172 1229 227 1269 At
242 1231 330 1283 quia
347 1231 539 1285 enallagae
554 1230 815 1271 huiuscemodi
829 1230 914 1271 sunt
929 1230 1160 1284 frequentes,
1180 1232 1225 1270 de
1241 1231 1321 1284 qui-

56 1282 131 1322 bus
152 1282 265 1335 supra
286 1297 365 1325 non
384 1284 496 1329 semel
511 1285 753 1331 monuimus,
769 1285 884 1324 etiam
906 1285 965 1324 hic
985 1285 1077 1324 nihil
1098 1285 1176 1324 fine
1199 1284 1320 1324 Codi-

53 1349 144 1381 cum
160 1337 385 1378 aueoritate
398 1338 600 1378 mutaffim.
613 1337 730 1377 Conf.
745 1338 791 1376 ad
807 1352 827 1377 2
843 1339 936 1378 Ver.
954 1338 1046 1379 Hist.
1059 1338 1322 1391 c.37,Tyran.·

57 1403 92 1431 c.
111 1390 157 1439 8,
181 1390 298 1445 Imag·
321 1405 357 1432 c.
373 1406 418 1445 9,
437 1393 606 1445 aliaque,
620 1401 732 1444 'quae
747 1390 874 1433 forsan
895 1405 942 1432 ex
960 1391 1087 1432 Indice
1113 1392 1317 1444 patebunt.

55 1442 140 1485 Nec
153 1444 240 1484 vitii
254 1445 378 1497 potest
392 1444 466 1485 effe
477 1445 686 1498 suspectum
700 1475 713 1491 ,
737 1456 893 1498 propter
907 1444 1058 1485 versum
1068 1475 1080 1493 ,
1096 1445 1170 1485 hoc
1182 1445 1317 1486 Theo-

53 1499 140 1538 criti
153 1498 234 1537 Eid.
247 1499 323 1545 XX
338 1530 349 1547 ‚
372 1513 436 1552 31,
456 1500 524 1538 Koa}
542 1499 672 1538 πᾶσαί
692 1513 744 1551 με
765 1498 955 1547 φιλεῦντι·
977 1501 1032 1538 τὰ
1050 1498 1087 1538 δ’
1101 1499 1256 1540 ἀστυκέι
1275 1498 1320 1549 μ“

52 1547 120 1591 οὔκ,
144 1551 342 1602 ἑφίλοισεν,
369 1555 493 1594 Omnes
511 1555 660 1593 mulieres
682 1568 730 1592 me
752 1566 897 1600 amant;
911 1554 1056 1592 urbanae
1080 1567 1158 1593 vero
1179 1568 1228 1592 me
1245 1568 1314 1592 non

55 1618 185 1645 amant.
198 1606 277 1652 Ubi
290 1605 418 1647 πᾶα-αι
438 1605 598 1651 refertur
615 1607 660 1645 ad
675 1604 855 1660 γυναῖκες
874 1606 984 1649 versu
1001 1607 1182 1657 proximo
1199 1619 1317 1658 prae-

54 1658 225 1701 miffum:
241 1660 401 1704 ἀστυκὲι
421 1673 519 1700 vero
533 1660 667 1700 eodem
683 1660 922 1700 referendum
932 1690 946 1707 ,
960 1659 1125 1700 refertur
1138 1660 1185 1698 ad
1207 1659 1318 1699 intel-

53 1712 195 1756 lefitum
212 1714 371 1765 κεράσια
387 1715 449 1754 vel
461 1713 540 1755 sim.
553 1713 619 1753 ets1
633 1727 762 1754 earum
776 1713 877 1753 nulla
890 1715 1034 1754 mentio
1047 1713 1155 1755 fafita.
1169 1713 1316 1756 REITZ.

106 1769 181 1806 ead.
194 1767 219 1805 l.
235 1781 270 1808 2.
288 1767 377 1821 Εἴγε
395 1771 536 1807 πτηνὺς
554 1768 619 1814 ὢν)
634 1766 911 1816 Ὑποσόλοικον,
932 1779 975 1807 ut
990 1768 1102 1808 etiam
1119 1780 1211 1806 mox
1231 1767 1314 1818 illa,

50 1823 238 1874 μελιχρῆς
260 1816 355 1860 οὕτω
378 1821 443 1859 καὶ
470 1821 626 1875 ἐναργὴς
646 1822 864 1872 φαινόμενος
885 1822 961 1864 διε.
991 1821 1129 1874 Neque
1151 1821 1317 1867 dixeris,

51 1873 148 1914 haec
162 1873 292 1914 referri
311 1875 356 1912 ad
379 1886 516 1914 vocem
535 1874 652 1926 ἔρωτα
666 1903 677 1920 ,
696 1875 933 1914 disconvenit
950 1875 1065 1915 enim.
1092 1874 1205 1914 Plane
1228 1875 1315 1927 qui-

52 1927 139 1968 dem
161 1927 237 1967 hoc
252 1927 409 1967 Luciani
423 1927 652 1973 festinantis,
672 1928 712 1967 δι
728 1929 772 1967 de
795 1941 836 1967 re
860 1927 936 1981 ipsa
960 1929 1098 1980 magis,
1120 1940 1234 1980 quam
1258 1928 1314 1967 di-

51 1981 200 2029 ἂὶοηθ,
213 1981 416 2034 cogitantis
436 1983 648 2034 παρόραμα.
669 1982 861 2021 MARCIL.
886 1984 1029 2022 Πτανὶν
1047 1982 1175 2033 ’ὄνειρον
1193 1991 1314 2024 vocat

51 2034 183 2088 Eurip.
205 2033 375 2075 Phoenis.
396 2047 516 2088 1539,
542 2035 583 2075 δι
602 2037 738 2075 iterum
753 2035 963 2088 Iph.Taur.
979 2049 1015 2089 p.
1038 2036 1116 2085 416
1129 2034 1177 2076 C.
1197 2036 1312 2088 Virg-

52 2089 168 2128 etiam
184 2089 283 2128 Aen.
299 2088 358 2127 VI
377 2087 403 2127 f.
424 2088 581 2128 SOLAN.

105 2144 178 2181 ead.
191 2142 215 2180 l.
232 2141 390 2196 3.‘”fc›r}g²
409 2145 462 2182 τὰ
474 2142 719 2194 ἐσκαμμένα)
734 2142 823 2183 Vid.
848 2141 992 2184 Zenod.
1013 2141 1080 2194 qui
1095 2140 1236 2192 Phyllo
1250 2141 1312 2181 O·

53 2196 193 2249 puntio
204 2195 299 2234 fines
311 2195 510 2248 affignatos
522 2195 745 2248 transgresso
757 2197 940 2248 originem
955 2195 1150 2248 proverbii
1162 2196 1310 2239 tribuit.

52 2251 224 2290 Mercur.
236 2250 282 2288 de
295 2249 445 2301 Gymn.
465 2248 518 2295 ΙΙ,
539 2264 554 2289 1
568 2263 597 2288 1.
621 2251 712 2302 (per
724 2249 833 2302 plana
855 2249 940 2293 loca
961 2249 1196 2289 continuatis
1218 2248 1311 2287 salti-

53 2305 127 2343 bus
137 2302 321 2349 saltabant
334 2333 342 2341 .
361 2333 370 2342 .
385 2304 628 2343 ..terminum
641 2333 652 2351 ‚
670 2316 783 2355 quem
800 2304 986 2356 attingere
1000 2315 1187 2355 magnam,
1204 2314 1310 2353 prae-

52 2357 164 2398 terire
182 2358 386 2396 maximam
406 2357 556 2396 laudem
576 2356 683 2397 fuiffe
699 2356 900 2398 verifimile
919 2355 993 2402 est,
1010 2358 1065 2395 τὰ
1084 2355 1310 2404 ἐσκαμμένα.

53 2411 270 2455 vocatum.)
285 2411 385 2450 Vide
398 2410 489 2450 Plat.
504 2409 704 2462 Κρατύλῳ,
718 2411 777 2450 ed.
793 2409 874 2449 Bas.
888 2424 923 2462 p.
941 2409 984 2458 58
999 2410 1044 2449 B.
1059 2409 1214 2457 SotAN.

104 2467 178 2504 ead.
189 2465 212 2502 l.
227 2479 263 2513 4.
278 2463 519 2515 Ἐνὸιοιτρίβει
537 2464 721 2517 ἀνεῳγόσι
738 2463 817 2503 τοῖς
832 2463 920 2517 eive.)
935 2464 1076 2505 Thom.
1092 2462 1195 2516 Mag.
1212 2461 1307 2504 haee

48 2518 188 2565 eodem
201 2518 322 2564 modo
334 2518 449 2558 habet
460 2519 502 2558 in
515 2522 730 2560 ΑΝΕΩΓΕΝ.
742 2517 884 2562 Rnrz.
