1764 3419
455 236 551 285 454
653 218 1521 268 'ANNOTATIONES

459 321 518 348 tuo
531 324 642 349 cruore
658 309 843 359 sacratum.
867 307 977 346 Plura
992 306 1136 359 Lipfius
1154 306 1194 346 8(
1209 306 1436 348 Gronovius
1462 309 1511 348 ibi
1533 309 1571 349 in
1595 309 1708 350 notis.

459 363 603 402 RmTz.
616 361 801 403 Describit
817 359 950 401 eodem
965 359 1043 400 fere
1058 360 1175 399 modo
1188 362 1410 402 Herodotus
1423 362 1496 410 lv,
1506 377 1570 413 70,
1581 357 1712 416 ‘'Opuaae.

459 415 504 457 s&
519 415 714 456 ποιεῦνται
731 414 883 462 Σκύθαι,
897 429 929 452 κ.
948 429 983 452 τ.
999 425 1034 452 λ.
1056 412 1181 453 GESN.

511 472 585 508 ead.
599 471 621 507 l.
639 483 670 519 5.
695 466 828 519 Τοῦτο)
852 468 908 506 lta
930 466 1030 506 reste
1051 466 1090 505 P.
1113 466 1286 518 Plerique
1312 468 1398 507 libri
1420 466 1526 507 τοῦθ’.
1547 470 1712 508 Fl.vero
1763 483 1764 512 i

458 523 546 572 μετ’
570 518 676 561 αὐτό.
699 522 856 561 Soram.
881 518 994 559 Τοῦτο
1018 517 1132 572 ὑμᾶς)
1159 520 1268 572 Quia
1294 519 1344 560 fic
1370 521 1463 561 solet
1489 522 1713 574 plerumque
1762 518 1764 573 2

459 577 566 616 scribi
581 576 680 626 apud
693 574 896 620 Nostrum,
916 573 957 612 &
974 574 1012 611 in
1027 572 1122 612 Cod.
1142 574 1352 622 invenitur,
1372 574 1412 614 δι
1424 574 1551 615 Solan.
1563 576 1612 615 ita
1627 588 1712 615 mu·

460 630 580 674 tavit,
600 627 651 666 sic
665 628 759 666 dedi.
783 627 837 666 At
851 627 978 679 poetis
991 625 1276 666 usitatius-ww
1297 628 1348 666 ita
1363 640 1538 675 exarare,
1555 627 1712 679 sequen-

459 692 498 720 te
513 681 710 733 adspirata‚
726 693 805 720 non
822 693 922 733 opus
931 679 998 725 est,
1017 691 1058 719 ut
1070 679 1334 720 demonstrem.
1350 682 1438 721 Vid.
1452 693 1580 721 tamen
1593 682 1714 723 Hom.

459 735 502 774 11.
518 738 545 772 Α
558 762 570 779 ,
589 748 676 788 193,
695 732 799 773 ταῦθ’
818 733 971 785 ὥρμαινε
986 732 1059 773 &c.
1083 733 1153 772 Sed
1169 733 1260 772 &in
1281 734 1423 775 Nostro
1436 735 1638 787 aliquoties
1659 736 1713 774 ita

458 789 625 833 editum,
648 798 690 827 ut
712 787 848 827 Amor.
864 801 946 838 cap.
969 800 1029 839 19,
1056 786 1124 825 διὰ
1144 785 1375 828 τοῦθἀἱδις.
1398 788 1443 828 Et
1464 790 1502 827 in
1519 788 1600 827 aliis
1615 801 1710 841 pro-

459 841 519 881 sae
532 839 794 894 scriptoribus,
813 853 855 880 ut
870 840 1037 892 Alciphr.
1049 839 1104 880 111
1117 870 1128 889 ‚
1142 840 1251 891 Epist.
1264 842 1328 887 61,
1344 854 1426 894 pag.
1441 840 1531 890 428,
1546 842 1595 881 εἰς
1604 839 1715 883 ταῦθ’

459 896 551 934 ’όταν
567 917 611 924 -
629 894 690 934 sed
711 894 893 947 quorsum
918 894 1031 933 nimia
1054 894 1119 932 ista
1137 894 1327 946 diligentia
1344 897 1381 934 in
1401 907 1442 935 re
1465 895 1602 935 nullius
1623 908 1715 936 mo-

459 947 606 991 menti?
628 948 774 988 Rerrz.

513 1005 588 1041 ead.
604 1002 628 1041 l.
642 1004 678 1041 6.
693 1001 870 1047 Εἰσιένοιι)
886 1000 1010 1040 Valde
1025 1013 1181 1052 quoque
1196 1001 1322 1054 probo
1337 1001 1557 1056 scripturam
1573 1002 1716 1043 veteris

460 1055 571 1102 libri,
595 1056 660 1094 καὶ
683 1054 826 1103 ἐφεῖται
842 1055 886 1095 ἑὲ
899 1056 943 1094 τὶ
960 1054 1150 1108 μέγιστον
1166 1055 1261 1108 ἄχρι
1276 1053 1380 1107 τριῶν
1400 1056 1436 1096 ἐς
1448 1057 1519 1096 τὰς
1533 1056 1715 1096 συνθήκας

460 1110 625 1149 συνιέναι
638 1139 651 1156 ,
674 1110 747 1149 licet
759 1120 868 1148 autem
871 1108 1042 1160 summum
1053 1120 1117 1146 tres
1128 1109 1293 1160 infoedus
1313 1110 1379 1147 tale
1398 1111 1497 1155 coire,
1521 1122 1592 1161 pro
1606 1122 1714 1150 com·

460 1164 568 1203 muni
580 1162 631 1202 εἰς
648 1165 721 1203 τὰς
731 1161 907 1203 συνθήκας
921 1161 1082 1207 εἰσιέναι,
1096 1174 1173 1201 non
1188 1162 1293 1214 quod
1308 1161 1406 1203 hanc
1420 1161 1621 1202 leffionem
1634 1175 1714 1202 non

459 1216 643 1270 poffimus
662 1217 783 1265 tueri,
812 1215 873 1256 sed
886 1217 991 1268 quod
1011 1216 1075 1254 illa
1096 1215 1140 1254 fit
1161 1216 1364 1256 efficacior.
1386 1216 1446 1256 Est
1456 1217 1555 1254 enim
1569 1217 1715 1265 σύνειμι

459 1283 543 1309 vox
558 1271 725 1326 propria,
734 1284 809 1323 qua
822 1281 982 1310 utuntur
993 1269 1037 1308 de
1048 1268 1314 1317 familiaritate,
1325 1283 1441 1323 quam
1455 1270 1568 1309 amici
1582 1270 1713 1311 ineunt

462 1324 503 1362 δι
519 1325 653 1364 colunt
664 1355 677 1373 ,
691 1325 748 1364 uti
766 1336 901 1364 notum
916 1322 981 1362 est.
1007 1322 1180 1363 GRAEV.

514 1380 586 1417 ead.
598 1379 622 1417 l.
634 1378 812 1425 7.“Ὀστι;
825 1376 870 1416 aiv
883 1377 1101 1424 πολύφιλος)
1119 1377 1330 1424 Πολυφιλίοι
1342 1377 1442 1430 apud
1456 1376 1620 1428 Scythas
1631 1388 1713 1417 non

461 1431 569 1472 aliter
590 1431 739 1471 infamis
767 1431 863 1479 fuit,
886 1444 1001 1482 quam
1024 1431 1124 1483 apud
1150 1429 1238 1469 alias
1261 1441 1392 1483 gentes
1413 1430 1527 1471 unius
1547 1431 1719 1471 mulieris

459 1498 547 1524 cum
562 1485 735 1538 pluribus
744 1485 836 1524 viris
856 1483 1103 1524 consuetudo.
1127 1483 1198 1524 Sed
1213 1483 1358 1523 diversa
1370 1483 1480 1530 sentit
1489 1483 1570 1524 Cic.
1584 1484 1651 1524 lib.
1668 1485 1714 1525 de

460 1539 614 1580 Amicit.
631 1539 672 1578 &
685 1538 782 1578 Plut.
797 1538 877 1589 περὶ
891 1537 1133 1583 πολυφιλίας.
1154 1536 1298 1577 COGN-

432 1600 434 1608 ’
514 1595 586 1633 ead.
600 1592 624 1632 l.
642 1607 655 1631 1
670 1606 700 1644 5.
722 1594 785 1630 Μὰ
800 1589 1107 1646 γᾰςτονἌνεμον
1119 1591 1181 1630 καὶ
1201 1593 1265 1631 τον
1280 1591 1492 1646 Ἀκινάκην)
1504 1591 1605 1632 Cum
1622 1591 1716 1632 Bar·

460 1646 575 1686 baros
590 1659 655 1698 per
673 1646 824 1698 gladium
840 1647 1006 1685 iurantes
1020 1645 1139 1692 ridet,
1163 1656 1229 1684 aut
1250 1645 1288 1684 in
1310 1655 1476 1685 mentem
1492 1658 1570 1685 non
1584 1645 1712 1692 venit,

459 1711 528 1741 aut
552 1700 818 1745 diffimulavit·,
843 1699 1016 1740 Graecos
1036 1699 1133 1750 ipsos
1157 1711 1223 1750 per
1246 1700 1382 1739 lanceas
1409 1699 1533 1740 iurare
1555 1698 1710 1747 solitos;

459 1756 584 1806 (quod
598 1755 697 1807 apud
710 1767 777 1793 eos
788 1752 1047 1793 sanetiffimum
1066 1753 1273 1792 habebatur
1284 1751 1569 1792 sacramentum.
1585 1752 1712 1793 lustin.

459 1808 586 1861 Xlu.)
611 1821 734 1861 neque
755 1821 822 1860 per
829 1807 996 1861 sceptrum
1015 1808 1139 1847 iurare
1164 1806 1262 1858 apud
1279 1807 1494 1846 Homerum
1511 1807 1712 1847 ridiculum

459 1862 599 1902 haberi.
615 1863 704 1902 Vid.
717 1861 817 1902 Eust.
833 1862 874 1903 11.
887 1865 924 1900 A.
946 1861 1018 1902 Sed
1028 1862 1073 1902 ad
1086 1860 1248 1912 Scythas
1261 1860 1388 1901 redeo.
1410 1860 1532 1900 Clem.
1545 1861 1655 1904 Alex.
1673 1875 1712 1914 p.

461 1929 508 1966 25
525 1916 570 1955 C.
595 1915 740 1955 Σκυθῶν
754 1915 798 1955 ἑὲ
819 1914 850 1954 οἱ
871 1916 1135 1967 Σαυρομάται,
1155 1911 1200 1953 ὥς
1215 1928 1329 1963 φησιν
1349 1913 1497 1954 Ἱκέσιος
1517 1914 1552 1953 ὲν
1568 1914 1621 1963 τῷ
1631 1915 1715 1964 περὶ

454 1971 676 2023 μυστηρίων,
685 1970 875 2009 Ἀκινάκην
887 1969 1064 2014 σέβουσιν.
1086 1968 1188 2007 Idem
1203 1981 1286 2021 pag.
1303 1981 1348 2020 ¹9
1358 1968 1406 2008 A.
1421 1969 1499 2007 olim
1515 1968 1562 2008 ab
1577 1969 1618 2008 iis
1632 1968 1713 2009 cul·

455 2034 539 2063 tum
553 2026 617 2062 ait.
639 2024 829 2063 Ammian.
853 2023 995 2065 XXXI.
1009 2023 1146 2067 Biton.
1165 2022 1291 2062 Immo
1303 2021 1514 2075 hodieque,
1535 2023 1642 2073 quod
1662 2035 1712 2061 ex

458 2077 591 2117 itinere
605 2077 720 2129 legati
737 2076 987 2116 Moscovitici
1003 2089 1122 2129 nuper
1142 2077 1180 2114 in
1193 2075 1327 2128 Belgio
1338 2075 1443 2115 edito
1455 2075 1599 2116 constat
1612 2107 1624 2125 ,
1640 2078 1716 2116 Ar-

455 2146 530 2179 cum
543 2131 577 2169 G*
590 2130 750 2171 Gladium
765 2143 928 2183 ceteraque
938 2146 1032 2170 arma
1047 2144 1119 2183 pro
1133 2129 1220 2169 Diis
1235 2129 1385 2169 habent.
1401 2129 1558 2170 SOI-AN.

509 2185 589 2223 ibid.
621 2184 845 2235 ΤονἍνεμον
865 2185 929 2222 καὶ
951 2187 1014 2223 τὸν
1032 2184 1243 2236 Ἀκινάκην)
1268 2183 1530 2223 Iusiurandum
1546 2183 1714 2236 Scytha·

455 2251 556 2285 rum,
568 2238 604 2277 vit
617 2242 681 2277 τὸν
691 2239 894 2285 Ἀκινάκην,
907 2240 969 2276 καὶ
982 2237 1020 2277 νὴ
1033 2235 1436 2286 τονἌνεμον.Τ3ηιεῐίὶ
1448 2237 1635 2279 Acinaces
1644 2250 1716 2277 vo-

454 2290 635 2331 cabulum
647 2291 691 2330 fit
708 2291 894 2331 Persicum
909 2291 1032 2330 ensem
1052 2290 1278 2344 significans,
1290 2302 1332 2331 ut
1348 2291 1457 2330 tradit
1468 2291 1654 2330 Herodot.
1670 2292 1709 2330 in

452 2345 677 2396 Polymnia,
698 2344 836 2386 Graeci
850 2356 977 2385 tamen
989 2346 1098 2389 etiam
1114 2358 1186 2397 pro
1201 2345 1325 2397 gladio
1335 2344 1518 2396 Scythico
1531 2343 1711 2397 usurpare
1732 2394 1734 2396 q

454 2397 591 2445 solent,
603 2411 718 2450 quem
735 2398 826 2439 ficut
840 2398 967 2444 Deum
983 2400 1168 2451 quendam
1182 2411 1274 2452 gens
1289 2399 1351 2440 illa
1363 2397 1584 2440 observaret
1596 2399 1634 2438 δι
1645 2411 1714 2438 co-

453 2453 559 2494 leret.
574 2452 695 2492 Clem.
711 2452 822 2493 Alex.
844 2452 987 2497 Σκυθῶν
998 2452 1043 2492 Σὲ
1058 2454 1088 2492 οι
1099 2452 1358 2505 Σαυρομάται,
1378 2447 1425 2492 ὥς
1439 2464 1552 2503 φησιν
1564 2450 1711 2496 Ἱκέσιος

453 2506 490 2548 ἐν
503 2506 559 2557 τῷ
570 2507 650 2560 περὶ
658 2505 879 2559 μυστηρίων,
888 2507 1080 2553 Ἀκινάκην
1092 2507 1250 2554 σέβουσι.
1259 2506 1452 2552 Ammian-
1465 2506 1506 2548 L.
1516 2505 1619 2551 X111.
1634 2506 1713 2551 Lu·,
