1764 3419
459 256 551 303 574
644 236 1519 286 ANNOTATIONES

457 380 483 420 S
509 328 589 366 ibid.
603 328 665 368 col.
683 328 755 368 2.l.
768 342 806 377 4.
833 325 1131 380 Εἰσερχόμενσς)
1152 325 1238 365 Vid.
1264 326 1420 367 Lucian.
1433 325 1529 380 Ἐρμ
1550 338 1632 383 cap.
1650 341 1717 380 40.

486 391 617 422 OLAN.

510 435 600 486 Pag.
622 448 711 488 303.
725 435 747 472 l.
770 447 801 472 ι.
818 430 1088 485 Ὁποσέιπουν)
1100 432 1262 472 Veteres
1277 433 1322 472 ad
1337 432 1496 473 umbrae
1509 433 1718 488 longitudi-

455 500 542 528 nem
569 488 773 539 gnomonis
797 497 888 538 puta
910 487 1069 525 alicuius
1090 485 1237 534 solarii,
1252 498 1318 525 aut
1344 487 1445 526 forte
1472 487 1525 526 sui
1549 488 1718 539 ipsorum

453 555 664 594 corporum
675 540 925 579 metiebantur
935 541 1047 579 horas
1058 539 1139 578 diei.
1153 539 1192 578 Id
1202 539 1281 579 fieri
1295 539 1397 591 poffe
1409 540 1572 580 ostendit
1584 541 1720 582 Schro-

456 608 571 634 nerus
586 596 621 632 in
640 594 889 646 gnomonices
903 593 991 632 suae
1007 607 1043 645 p.
1057 592 1121 642 78.
1134 594 1186 631 At
1198 605 1287 632 tunc
1303 595 1414 646 pedes
1428 594 1572 634 neceffe
1585 594 1660 644 est,
1673 606 1718 636 ut

456 648 553 686 varii
566 647 681 686 effent
693 678 705 696 ,
718 660 820 686 nunc
834 647 1044 693 breviores,
1059 659 1160 685 nunc
1176 646 1385 698 longiores,
1402 647 1509 686 iuxta
1523 660 1718 700 gyrorum

454 701 680 740 varietatem
694 731 707 746 ‚
718 713 820 753 quos
834 713 899 752 per
918 701 1123 739 Zodiacum
1138 699 1192 738 sol
1208 699 1307 738 facit.
1326 700 1449 739 LEED.
1463 701 1562 740 Vide
1574 706 1716 754 Κρονοσ.

453 767 488 794 c.
505 755 526 790 8
538 785 549 802 ,
565 755 605 794 δι
618 754 702 804 Λεξ.
716 767 805 800 ε.,4.
821 752 971 793 Salmas.
990 752 1082 791 Plin.
1098 753 1169 791 Ex.
1184 755 1260 800 446
1276 754 1318 793 B.
1333 754 1370 792 δι
1388 767 1480 805 455,
1493 767 1606 807 quem
1621 768 1718 795 con·

452 806 610 847 sultavit
636 807 756 847 Dion.
780 807 958 846 Petavius
981 805 1074 845 Difl‘.
1090 808 1185 845 Var.
1201 807 1296 854 Vll,
1315 821 1352 854 7.
1370 806 1463 846 Poll.
1486 806 1524 856 I,
1546 809 1718 858 72;v1,

454 861 506 909 48
521 861 597 900 &c.
611 861 715 901 Suid.
731 860 937 900 ἓεκάπουν.
953 860 990 900 δι
1005 859 1119 898 Arist.
1134 872 1217 913 pag.
1234 874 1332 910 744,
1347 861 1390 901 δι
1409 861 1549 901 Athen.
1564 861 1588 901 8
1610 861 1658 902 C,
1673 863 1716 903 δι

454 914 616 955 Casaub.
633 915 678 954 ad
691 916 773 954 eius
787 915 849 953 lib.
860 914 917 953 VI
929 944 939 960 ‚
953 926 985 953 c.
1004 927 1059 952 ιο.
1072 913 1228 953 SOLAN.

509 970 588 1008 ibid.
600 971 645 1007 Tb
660 967 886 1020 στοιχεῖον)
903 968 1018 1006 Litera
1039 967 1224 1007 redditum
1247 978 1327 1006 erat
1349 967 1385 1006 in
1407 967 1492 1007 Par.
1507 967 1578 1008 Sed
1597 967 1715 1020 gloffa

453 1021 549 1062 haec
564 1022 721 1074 margini
735 1022 879 1060 addita:
900 1023 1107 1060 Gnomonem
1120 1021 1283 1073 horologii
1302 1021 1467 1074 intelligit.
1490 1021 1574 1074 Ego
1587 1023 1716 1062 literam

453 1075 557 1116 reike
575 1076 729 1127 quidem
750 1075 852 1115 verti
873 1074 1062 1126 agnosco,
1081 1073 1141 1112 sed
1161 1089 1330 1113 numerum
1355 1085 1481 1114 tamen
1506 1076 1717 1129 intelligen-

454 1130 562 1175 dum,
582 1128 608 1169 s.
626 1129 784 1169 umbrae
798 1129 1023 1174 mensuram,
1039 1129 1132 1167 novi
1144 1157 1154 1174 ‚
1170 1123 1258 1180 quia
1275 1141 1458 1168 numeros
1472 1127 1714 1170 Graecorum

454 1184 572 1223 literis
588 1183 747 1236 exprimi
763 1181 913 1229 solitos,
933 1181 1171 1221 manifestum
1189 1182 1252 1220 est.
1267 1181 1415 1221 Rmz.
1763 1215 1764 1224 ,

510 1240 582 1276 ead.
598 1237 621 1276 l.
637 1251 671 1290 3.
685 1236 938 1288 Ἀπορῥίψας)
953 1235 1061 1287 Quia
1077 1236 1121 1274 de
1136 1236 1274 1275 balneo
1287 1235 1410 1275 sermo
1422 1234 1494 1283 est,
1508 1234 1572 1274 ubi
1588 1235 1717 1276 sordes

454 1301 725 1343 repurgantur,
748 1291 852 1342 quod
874 1290 1187 1341 ἀπορῥυπτεσῧαιι
1211 1289 1309 1342 apud
1330 1289 1423 1328 Plut.
1441 1290 1592 1336 dicitur,
1606 1289 1663 1343 (v.
1678 1305 1716 1342 p.

454 1343 532 1383 868
548 1344 612 1397 B.)
624 1343 900 1383 emendandum
915 1355 1085 1395 putaram
1095 1373 1107 1390 ,
1121 1342 1374 1395 &legendum
1391 1343 1631 1395 ἀποῤῥὺψας.
1643 1344 1717 1384 Sed

453 1399 544 1450 quia
557 1398 644 1436 alibi
662 1398 777 1436 etiam
793 1398 950 1436 eandem
966 1409 1107 1436 vocem
1127 1395 1281 1449 usurpat
1293 1395 1544 1443 Noster‚‘1cm·.
1568 1396 1618 1443 od,
1632 1409 1717 1450 cap.

459 1465 530 1503 30,
550 1461 736 1491 mutatam
755 1450 947 1489 noluimus
971 1461 1104 1489 contra
1126 1449 1248 1489 Codd.
1273 1449 1396 1490 fidem.
1419 1450 1561 1491 Omnis
1583 1464 1716 1492 morae

454 1506 656 1557 impatiens
672 1505 809 1556 raptim
833 1503 948 1543 lavat.
965 1505 1064 1543 Vide
1084 1504 1198 1542 etiam
1213 1503 1394 1555 Polyaen.
1410 1504 1521 1544 Strat.
1536 1503 1610 1553 lv,
1629 1518 1716 1558 pag.

458 1572 535 1611 237
549 1558 596 1597 C.
612 1558 720 1598 Adde
735 1557 865 1596 Iambl.
880 1558 957 1597 No.
968 1571 1041 1606 74,
1058 1558 1097 1596 &
1111 1571 1162 1606 77
1175 1557 1224 1596 Α.
1244 1558 1463 1598 -σπίλους.
1476 1557 1634 1598 SOLAN.
1652 1559 1716 1597 ’A-

455 1612 646 1664 ποῤῥίψας
665 1624 736 1663 pro
750 1613 891 1651 celeriter
899 1612 1046 1664 proripio
1060 1611 1223 1663 positum
1238 1611 1312 1650 effe
1322 1642 1333 1657 ‚
1351 1624 1430 1651 non
1447 1613 1565 1651 modo
1584 1624 1716 1652 exem-

454 1666 518 1719 pla
531 1667 577 1705 ab
588 1666 730 1705 Solano
743 1665 901 1704 adduffll
911 1696 922 1714 ‚
935 1664 994 1704 sed
1010 1665 1051 1704 &
1064 1664 1260 1715 praemiffa
1274 1667 1365 1717 πρὸς
1379 1665 1524 1720 τάχος,
1537 1665 1715 1715 suadent3

454 1733 574 1772 quare
587 1733 665 1759 non
681 1720 856 1758 mutarim
870 1719 907 1757 in
920 1718 1156 1771 ἀετορρύιψιις.
1174 1718 1271 1757 Nam
1285 1719 1323 1758 δι
1335 1719 1386 1758 sic
1401 1719 1580 1759 ἐκπίπτον
1591 1719 1638 1760 de
1648 1733 1715 1771 eo,

454 1774 523 1868 {ui
537 1775 581 1814 de
596 1773 696 1814 lefto
712 1773 835 1813 subito
855 1771 994 1822 desilit,
1006 1773 1045 1825 se
1063 1772 1194 1819 deiicit,
1209 1772 1410 1813 habuimus
1429 1773 1536 1813 Afin.
1551 1784 1634 1828 cap.
1651 1788 1713 1828 54.

498 1839 607 1867 ΕΠΖ.

509 1885 581 1921 ead.
605 1882 628 1921 l.
644 1880 893 1935 ς.Ἀνοιβολῗν)
911 1880 1151 1934 Ἀπέρχομοιι
1169 1880 1333 1929 κοσμίως
1350 1879 1464 1930 μάλα
1487 1881 1715 1933 {oxma-2⁷1·

453 1936 604 1986 σμένος,
619 1935 885 1987 ἀντιστρέψας
898 1937 942 1974 τὸ
955 1936 1151 1987 τριβώνιον,
1163 1930 1210 1974 ὣς
1224 1934 1289 1973 ἐπὶ
1299 1933 1368 1973 τοῦ
1379 1935 1631 1988 καθαρωτέρου
1643 1937 1714 1989 γέ·

455 2004 550 2029 νοιτο
565 1987 583 2030 ἦ
601 1987 776 2033 ἀναβολή.
799 1990 894 2027 Abeo
912 1989 1015 2027 nitide
1028 1991 1205 2028 admodum
1220 1988 1344 2035 cultus,
1353 1990 1404 2039 fic
1425 1989 1564 2039 obverso
1576 1991 1685 2042 pallio
1697 2019 1711 2039 ‚

455 2055 518 2090 ut,
540 2058 606 2095 qua
627 2043 704 2094 fft
717 2056 815 2094 parte
834 2044 1058 2096 puriffi'mum‚
1076 2058 1115 2081 ea
1138 2043 1313 2081 videretur.
1330 2041 1390 2081 Sic
1410 2041 1603 2093 interpres.
1627 2043 1711 2084 Nec

453 2097 712 2150 reprehendo,
727 2109 799 2136 nec
812 2097 872 2136 hic
891 2096 1007 2135 audio
1029 2105 1196 2135 veterem
1218 2094 1405 2135 Codicem
1417 2124 1429 2142 ‚
1449 2097 1517 2149 qui
1533 2109 1605 2150 pro
1619 2097 1713 2137 ἀνα,

455 2149 544 2196 βολὴ
565 2149 656 2201 legit
673 2147 879 2200 μεταβολή.
895 2149 967 2189 Sed
979 2148 1144 2194 ἀναβολὴ
1165 2148 1224 2189 est.
1238 2147 1359 2201 ipsum
1374 2148 1542 2201 pallium,
1557 2150 1714 2190 Gloss‘ae

455 2203 641 2250 ἀναβολὴ,
656 2206 809 2250 amians,
821 2204 1013 2242 amiculum.
1026 2202 1188 2243 Inferius
1198 2204 1238 2242 in
1250 2203 1437 2243 Timone:
1448 2206 1490 2242 τὸ
1505 2202 1646 2257 σχῆμα
1660 2200 1715 2244 εὖ·

454 2257 619 2306 cume,
641 2258 705 2296 mi
723 2257 875 2307 κόσμιος
894 2260 939 2296 τὸ
958 2257 1136 2306 Bascama
1150 2287 1160 2304 ‚
1179 2257 1243 2295 noe}
1264 2259 1477 2309 σωφρονικὶς
1490 2257 1557 2297 τὴν
1574 2259 1713 2303 ἀναβο-

456 2307 532 2352 λήν.
551 2312 652 2350 cultu
663 2314 812 2358 decorus,
827 2322 925 2364 atque
943 2322 1082 2350 ornatus
1095 2310 1243 2363 inoeffu,
1258 2326 1300 2349 ac
1311 2311 1417 2364 pallio
1430 2313 1565 2365 modeste
1575 2326 1711 2365 compo-

446 2366 527 2416 fito.
548 2364 607 2404 Sic
620 2364 707 2404 alibi
728 2365 848 2404 eidem
865 2364 1163 2414 ἀναβεβλημένος
1178 2361 1374 2405 εὐσταλῶς
1394 2363 1469 2413 est,
1487 2366 1554 2418 qui
1572 2366 1711 2407 incedit

454 2419 570 2471 pallio
584 2419 722 2458 decore
735 2417 963 2470 composito.
976 2417 1150 2458 Gnuv.

507 2473 581 2511 ead.
600 2473 621 2510 l.
639 2482 696 2521 14.
712 2471 919 2525 Ἀρχιβίου)
934 2472 1086 2511 Nomen
1102 2472 1255 2511 videtur
1270 2471 1456 2512 fiffitium.
1471 2471 1628 2512 somn.
1643 2471 1710 2511 Al-

453 2525 661 2579 ciphr.111,
676 2526 744 2580 Ep.
764 2540 824 2580 55,
839 2540 875 2581 p.
890 2526 989 2575 406:
1005 2526 1190 2580 Ἀρχίβιος
1203 2525 1218 2566 ὃ
1231 2525 1484 2580 Πυθαγορικδς
1502 2521 1622 2580 ἔχριον
1644 2526 1712 2568 ἐπὶ
