1764 3419
419 222 512 283 540
618 222 1477 270 ANNOTATIONES

417 307 575 358 caperetis
584 337 596 354 ‚
622 308 656 345 ηἱ
669 324 681 346 ι
704 308 845 346 carmine
866 307 1055 359 responsum
1080 310 1202 347 darem.
1228 308 1338 347 Alter
1352 323 1360 346 τ
1379 307 1568 368 suscipietis
1592 323 1668 349 vero

417 361 516 398 haud
525 362 632 408 dubie,
647 363 712 412 nisi
723 362 890 413 versiculis
902 360 1063 411 inclufiaem
1076 364 1246 400 oraculum
1257 363 1441 413 protulero.
1454 361 1590 401 Sensus
1601 363 1669 410 est,

416 413 576 465 recipietis
589 427 700 452 autem
713 415 747 452 in
760 430 833 459 vos,
841 415 878 464 fi
888 430 955 453 non
967 425 1066 453 metro
1078 417 1227 466 conflant
1236 416 1334 468 iusto,
1349 430 1431 467 quae
1445 415 1564 454 dicam.
1580 429 1617 468 q.
1634 417 1669 455 d.

417 467 457 506 Si
471 468 544 504 iam
561 480 638 506 non
654 468 811 519 pedibus
833 467 904 506 suis
926 466 1097 506 constent
1118 469 1281 506 carmina
1295 498 1308 515 ,
1331 481 1428 519 quae
1443 469 1671 520 proioquor,

416 519 445 558 st
461 519 596 559 vitiosa
612 520 713 565 sunt,
724 520 835 571 culpa
850 532 929 558 non
944 520 1014 558 erit
1029 521 1065 558 in
1083 533 1158 566 me,
1171 523 1260 572 quia
1273 533 1347 573 ego
1362 523 1598 571 praemonui,
1612 535 1673 562 me

417 571 539 612 solitis
550 572 802 612 instrumentis
822 574 913 612 meis
930 573 990 612 hic
1003 573 1216 613 destitutum
1229 573 1302 614 effe
1313 603 1323 619 ‚
1352 574 1462 613 sedin
1480 575 1591 614 vobis
1605 575 1675 614 erit

419 626 544 677 culpa.
571 625 742 678 Elliptice
761 626 853 664 dixit
866 654 877 672 ‚
896 624 1131 677 ἀναδέξεσθε
1157 640 1229 679 pro
1244 626 1482 679 ἁναέέξεσδε
1506 626 1556 666 εἰς
1578 625 1676 678 ὑμᾶς

420 678 489 717 τὴν
510 678 650 717 αἰτίαν·
674 679 996 731 quemadmodum
1012 680 1049 718 in
1072 679 1236 719 Parasito
1252 694 1285 731 p.
1300 695 1365 727 24,
1392 679 1676 740 ἀναδεχομένην

418 731 473 770 εἰς
487 728 604 770 αὐτὴν
617 734 687 770 τὰς
702 732 843 772 αἰτίας.
857 733 930 771 His
941 733 1060 778 leikis,
1076 746 1124 772 eo
1144 735 1260 785 magis
1274 734 1323 771 im
1354 732 1456 772 uisus
1466 733 1546 771 sum
1563 735 1608 772 ad
1622 747 1679 773 re·

421 784 616 824 iiciendam
630 785 823 836 vulgatam
835 800 848 833 3
861 797 951 824 nam
970 798 1070 825 certe
1086 786 1199 825 lonae
1212 799 1300 825 arce
1331 799 1380 825 ita
1393 785 1446 825 est
1461 788 1550 826 haec
1568 788 1679 827 inter·

422 839 588 889 pretatio
603 839 642 878 ἃ
655 838 812 889 ellipsis:
836 840 927 890 quin
942 840 1057 878 etiam
1075 819 1310 890 ἀναῗέξεσὲε
1332 834 1392 879 οὖν
1403 842 1549 891 potius,
1562 853 1679 892 quam

420 889 468 931 δὲ
483 891 597 943 legat,
613 891 639 930 fi
655 904 703 930 ex
720 892 782 930 illa
794 891 1063 944 consequentia
1076 893 1112 931 in
1129 893 1222 932 alios
1235 893 1386 944 culpam
1403 893 1579 932 carminis
1593 894 1679 932 mali

423 945 612 984 coniicere
624 945 804 984 voluerit.
817 945 963 984 Rfltrz.
980 946 1076 984 Mihi
1090 945 1172 985 satis
1185 945 1287 993 facit,
1298 956 1340 984 ut
1353 946 1441 984 nihil
1458 958 1560 985 certe
1576 947 1679 1002 aliud

427 997 619 1049 requiram
630 1026 641 1045 ‚
651 998 850 1051 vulgatum
863 996 1107 1050 ἀνειΣ-ὲξεσόε,
1119 1000 1294 1053 recipietis,
1310 1015 1350 1038 ae
1370 1000 1407 1038 ui
1417 1000 1553 1052 bonique
1564 999 1683 1051 consu-

430 1051 721 1102 letis.'Ave{=·o·5e
734 1062 860 1091 tamen
880 1064 948 1091 nec
965 1052 1082 1105 ipsum
1096 1053 1274 1092 damnare
1292 1066 1339 1092 au
1357 1067 1420 1092 im.
1446 1051 1570 1092 GESN.

481 1106 554 1143 ead.
567 1105 589 1142 l.
605 1106 640 1143 6.
652 1104 697 1143 Ἢ
715 1102 908 1157 ἑρμηνέως)
934 1104 1035 1144 Cum
1060 1106 1122 1144 nai
1138 1119 1208 1157 pro
1229 1105 1247 1146 ἦ
1269 1106 1450 1146 haberent
1465 1107 1545 1146 edd.
1559 1105 1685 1159 poste-

426 1157 507 1196 rius
522 1171 568 1197 ex
579 1158 606 1195 I.
622 1159 760 1208 recepi,
772 1158 813 1198 δι
824 1171 874 1198 ex
886 1171 1002 1211 marg.
1013 1161 1109 1210 Hag.
1122 1159 1198 1199 Etsi
1212 1160 1303 1199 lunt.
1316 1160 1334 1199 ii
1349 1160 1413 1198 καὶ
1425 1159 1588 1207 exhibet,
1599 1159 1686 1213 pof-

426 1210 557 1255 sumus
581 1222 707 1250 tamen
720 1212 784 1251 iilo
802 1212 864 1250 καὶ
877 1212 963 1251 satis
975 1225 1126 1260 carere·‚
1148 1214 1241 1253 &ut
1253 1214 1340 1265 quis
1359 1213 1468 1259 dicat,
1493 1213 1558 1251 καὶ
1575 1212 1684 1252 simul

428 1264 656 1304 servandum
672 1264 791 1312 fuiffe,
809 1266 1113 1318 vertendumque
1128 1279 1214 1305 cum
1227 1266 1411 1319 emphasi,
1432 1278 1495 1305 aut
1515 1267 1685 1319 interprete

430 1318 552 1364 etiam,
580 1319 748 1358 nondum
770 1330 897 1358 tamen
921 1332 1167 1371 permoveor,
1187 1331 1229 1359 ut
1253 1320 1402 1360 credam
1418 1332 1469 1358 eo
1479 1332 1579 1372 opus
1589 1319 1684 1360 effe:

427 1383 516 1411 nam
532 1384 578 1410 an
594 1372 677 1423 plus
691 1371 744 1411 est
758 1373 957 1424 interpres,
969 1385 1084 1425 quam
1101 1386 1301 1426 patronus,
1315 1386 1359 1412 ut
1371 1374 1591 1413 incrementi
1603 1386 1687 1425 par-

431 1424 546 1463 ticula
561 1426 688 1464 addita
705 1426 942 1478 requiratur?
964 1427 1169 1466 Verterant
1186 1428 1260 1466 iam
1280 1427 1371 1466 olim
1386 1457 1398 1473 ‚
1418 1440 1480 1466 aut
1489 1427 1687 1480 interpretis,

429 1477 520 1518 licet
538 1478 602 1517 καὶ
625 1480 854 1527 retinerent;
872 1492 1039 1532 cumque
1057 1480 1107 1520 stc
1129 1481 1309 1520 adiuvare
1330 1480 1479 1521 Graeca
1500 1481 1689 1521 vertendo

431 1542 674 1582 cogerentur,
692 1533 820 1585 quidni
838 1534 972 1574 eodem
985 1535 1066 1573 iure
1086 1534 1287 1574 lechonem
1302 1533 1488 1574 Graecam
1510 1534 1690 1574 iuvamus

432 1596 570 1636 aptum
583 1586 820 1626 vocabulum
833 1587 1062 1640 recipiendo,
1079 1589 1120 1627 δι
1134 1588 1227 1627 illud
1237 1588 1300 1626 καὶ
1315 1587 1399 1627 satis
1409 1589 1483 1626 iam
1497 1587 1554 1626 hic
1570 1589 1612 1628 δι
1625 1588 1692 1626 ali-

431 1638 474 1677 bi
488 1636 785 1691 frequentatum,
807 1641 1031 1681 reiiciendo?
1048 1642 1152 1694 quod
1169 1641 1195 1680 fi
1207 1641 1290 1694 quis
1305 1653 1488 1682 revocare
1504 1641 1610 1688 velit,
1631 1640 1691 1680 fa-

431 1692 527 1740 ciat3
540 1705 626 1731 nam
644 1693 743 1733 haud
763 1694 858 1733 adeo
870 1695 999 1746 magni
1011 1694 1075 1733 est.
1098 1694 1248 1734 RmTz.

489 1750 562 1784 ead.
576 1747 601 1785 l.
616 1760 654 1796 7.
668 1747 736 1785 Καὶ
751 1748 920 1801 χελώνη)
936 1749 979 1787 Et
995 1748 1052 1788 hic
1064 1747 1176 1787 secuti
1191 1748 1316 1787 sumus
1329 1747 1592 1787 au&oritatem
1603 1748 1690 1790 Mff.

399 1830 403 1833 .
436 1798 516 1839 Ox.
528 1799 568 1838 P.
582 1800 624 1839 δι
639 1801 721 1840 edd.
736 1804 816 1840 Vcn.
834 1814 922 1841 cum
938 1802 975 1840 in
990 1802 1068 1841 aliis
1090 1802 1277 1854 legeretur
1296 1802 1314 1841 ii
1331 1814 1402 1854 pro
1415 1801 1490 1840 καί·
1507 1802 1594 1841 vide
1615 1803 1693 1842 He-

438 1853 524 1892 rod.
537 1853 566 1898 1,
577 1867 643 1902 47,
654 1868 690 1907 p.
707 1868 722 1893 1
734 1869 769 1902 1,
782 1856 822 1895 δι
835 1855 1019 1895 Nostrum
1032 1855 1152 1894 Z.'E›t.
1164 1868 1195 1895 c.
1218 1869 1277 1904 14,
1289 1856 1329 1895 δι
1345 1861 1428 1893 Δικ.
1443 1867 1477 1894 c.
1494 1855 1688 1897 usonem.

439 1905 655 1946 Necessaria
674 1919 754 1947 erat
768 1909 830 1948 vel
850 1908 925 1948 fine
939 1908 1128 1955 Codicum
1145 1908 1370 1956 au&orjtate
1382 1910 1547 1948 mutatio
1561 1907 1629 1948 τοῦ
1650 1910 1669 1949 ii
1679 1939 1693 1956 ,

437 1959 477 2000 in
492 1960 568 1998 καί·
585 1974 670 2000 nam
683 1963 839 2014 vulgata
852 1963 1024 2002 historiae
1035 1974 1238 2015 repugnat:
1255 1961 1363 2001 simul
1375 1963 1473 2001 enim
1485 1961 1523 2001 &
1535 1964 1695 2013 permix-

438 2025 498 2053 tas
513 2013 706 2054 testudinis
719 2017 883 2068 agnique
902 2028 1032 2055 carnes
1044 2015 1172 2055 co&as
1184 2013 1291 2054 fuiffe
1303 2045 1314 2060 ,
1335 2014 1445 2066 supra
1460 2016 1530 2053 iam
1545 2029 1626 2069 cap.
1646 2030 1694 2066 ¹4

438 2067 526 2106 lov.
542 2067 656 2107 Conf.
674 2069 835 2108 vidimus
850 2083 896 2108 ex
912 2070 1101 2112 Herodot.
1117 2069 1156 2116 Ι,
1169 2083 1230 2117 47.
1251 2070 1318 2120 (al.
1333 2082 1368 2119 p.
1383 2069 1463 2122 20.)
1484 2069 1533 2108 Et
1545 2069 1595 2109 fic
1610 2070 1695 2110 No·

440 2120 514 2160 ster
527 2120 573 2160 de
588 2134 628 2160 re
639 2122 768 2161 eadem
782 2123 878 2162 infra
891 2124 926 2161 in
940 2122 1003 2161 Bis
1013 2124 1104 2161 Acc.
1118 2121 1184 2161 sub
1197 2123 1276 2162 init.
1289 2120 1415 2174 ἄρνεια
1431 2125 1532 2176 κρέα,
1546 2124 1608 2162 καὶ
1621 2137 1696 2174 χε.

441 2177 574 2214 λώνοις·
589 2174 630 2213 &
650 2173 761 2226 supra
782 2176 806 2213 l.
819 2189 850 2215 c.
872 2177 985 2215 etiam
1007 2174 1116 2226 ἄρνεα,
1130 2176 1219 2228 κρέα,
1235 2177 1298 2216 καὶ
1323 2178 1506 2229 χελώνης.
1528 2177 1610 2216 Nec
1630 2177 1696 2217 ab·

441 2227 640 2267 horrerem
656 2241 676 2267 a
691 2229 896 2279 ξυνέψετοιι
908 2230 1146 2281 recipiend03
1165 2241 1236 2281 pro
1247 2242 1328 2282 quo
1339 2229 1471 2269 deinde
1482 2231 1534 2269 ait
1549 2230 1588 2268 ἐς
1602 2226 1696 2269 ωὖτδ

442 2277 596 2331 ἕψεται.
620 2281 690 2321 Sed
708 2283 797 2335 quia
810 2295 889 2322 non
908 2293 1011 2322 tanta
1029 2282 1245 2331 neceffuas,
1269 2283 1468 2336 vulgatam
1481 2283 1604 2337 paffus
1615 2283 1697 2335 sum

442 2335 605 2375 retineri.
630 2335 774 2377 Rmz.

498 2390 572 2427 ead.
587 2389 612 2427 l.
634 2402 647 2426 1
659 2403 690 2428 1.
704 2390 801 2440 Κὸμη
817 2388 1104 2443 ἀνασοβουμένη)
1119 2390 1210 2430 Νοη
1223 2401 1373 2443 poterat
1385 2389 1610 2430 Benediaus
1625 2402 1699 2431 vo,-

444 2455 528 2482 cem
542 2442 667 2482 minus
677 2443 751 2483 huc
760 2454 884 2496 aptam
899 2445 1133 2496 excogitare,
1150 2457 1265 2496 quam
1283 2457 1360 2497 qua
1369 2443 1460 2483 usus
1471 2443 1697 2497 est,'crifimta

446 2512 554 2544 coma,
569 2509 667 2550 quae
680 2496 776 2537 nihil
785 2496 833 2550 ad
843 2497 1106 2539 vaticinantes.
1125 2496 1351 2539 Bastieenses
1362 2497 1496 2544 clarius
1504 2527 1518 2546 ‚
1531 2511 1700 2540 comarum
