1764 3419
313 247 416 296 ΙΝ
478 246 988 294 TOXARIN.
1098 268 1278 315 <447

15 339 100 390 Περ.
115 350 149 378 c.
168 338 238 387 17?
253 337 324 378 Sed
346 336 372 376 fi
395 337 557 389 Cynicus,
570 348 639 377 cur
658 336 815 389 sophista
832 335 961 375 audit?
978 336 1056 376 Nifi
1071 335 1197 377 forsan
1214 341 1280 378 im-

14 394 172 446 postorem
186 392 365 443 intelligat
377 421 391 436 ,
404 401 446 428 ut
461 394 545 440 Περ.
560 403 592 428 c.
610 404 667 442 13,
680 391 720 428 δι
736 389 876 442 paffim.
892 390 1048 429 SOLAN.

72 447 143 483 ead.
160 445 184 483 l.
206 459 237 498 5.
251 449 419 493 Μεμνονα.
437 441 551 495 βοᾷν)
577 442 752 481 Exstabat
774 456 906 482 revera
929 443 1084 482 Luciani
1105 455 1281 497 tempore

21 498 217 538 decantata
240 498 302 536 illa
322 497 547 536 Memnonis
559 495 691 534 statua.
705 496 804 535 Vide
819 497 959 546 Φιλοψ.
976 509 1009 535 c.
1026 512 1086 550 33,
1110 497 1280 537 philostr.

14 563 102 603 pag.
119 565 190 604 232
201 579 213 597 ‚
230 551 271 591 &
286 551 367 602 Iege
382 549 542 588 omnino
555 548 780 588 Strabonem
793 578 806 595 ,
818 549 885 602 qui
897 550 972 602 ipse
983 549 1020 590 se
1037 563 1118 590 eam
1133 550 1281 590 Thebis

19 603 149 654 vidiffe
161 616 286 643 narrat
301 601 438 650 XVII,
452 616 488 655 p.
505 602 592 640 816.
607 603 766 641 SOLAN.

73 662 146 697 ead.
161 658 183 696 l.
195 671 232 708 7.
245 655 518 708 vaoepu'swv—
533 655 730 708 Μέμνονος)
742 655 962 707 Pyramides
974 656 1180 698 struEthae
1191 657 1279 698 sunt

18 722 67 750 ex
83 709 177 750 saxis
198 720 266 749 aut
293 709 496 754 lateribus,
521 709 569 747 ab
590 711 670 747 imo
691 710 860 760 amplae,
882 710 920 748 in
942 710 1090 750 summo
1118 723 1278 761 acutae,

19 775 136 815 atque
149 765 186 802 in
203 763 317 802 altam
337 762 477 802 molem
494 762 671 807 evectae,
692 763 738 800 ad
754 763 845 801 nihil
856 793 869 808 ‚
883 776 999 815 quam
1019 765 1064 803 ad
1079 763 1279 805 effunden—

17 816 111 856 dum
125 829 239 870 opes,
254 818 443 855 inventae.
459 816 681 854 Memnonis
694 827 820 854 autem
837 816 950 856 huius
964 818 1112 857 cineres
1126 819 1163 857 in
1184 832 1280 859 aves

17 869 255 910 transmutari
280 869 470 916 feruntur,
485 880 583 921 quae
606 869 749 920 magnis
773 870 951 921 gregibus
966 884 988 910 e
1010 871 1164 911 diversis
1185 873 1279 911 locis

19 923 174 976 singulis
193 923 298 961 annis
313 924 358 961 ad
379 922 594 974 sepulcrum
610 922 828 961 Memnonis
849 924 1081 972 convolare,
1097 936 1214 977 atque
1228 925 1278 964 ibi

17 978 183 1030 primum
201 977 380 1028 querulas
406 987 526 1014 voces
544 975 677 1023 edere,
703 975 834 1015 deinde
858 976 959 1016 inter
973 976 1010 1016 se
1032 978 1209 1020 dimicare
1224 979 1279 1017 di-

16 1042 170 1071 cuntur.
194 1029 361 1069 Ovidius
383 1029 450 1068 lib.
472 1028 564 1068 XIII
586 1028 886 1082 Metamorphos.
909 1030 1099 1071 Lucianus
1122 1032 1161 1071 in
1189 1032 1278 1072 Phi-

15 1083 111 1137 Iops.
135 1083 279 1124 COGN.

27 1185 31 1188 ῃ
80 1137 160 1176 ibid.
174 1135 471 1177 Ἀναπετλεὺκει
495 1136 602 1175 κατὰ
623 1137 687 1176 τὸν
709 1135 837 1176 Νεῖλον
856 1132 960 1176 ἕκτον
979 1135 1051 1176 ἤδη
1068 1137 1190 1192 μὶἷνοι)
1211 1139 1282 1178 As-

16 1189 146 1232 sumslt
160 1191 208 1230 ab
228 1189 385 1230 Erasmo
399 1189 624 1228 Βέηθάἰξὶυς
638 1191 772 1240 sextum
792 1191 860 1228 iam
882 1190 1018 1240 mensem
1037 1192 1176 1243 adverso
1189 1195 1278 1233 Nilo

19 1245 214 1295 navigabat.
233 1243 356 1296 Quod
370 1243 454 1296 quis
474 1256 573 1282 unus
593 1243 712 1282 homo
734 1241 825 1282 fecit
844 1244 1037 1295 unquam?
1059 1257 1124 1284 aut
1146 1245 1171 1283 fi
1221 1247 1280 1286 uis

18 1297 177 1345 fecisset,
192 1299 257 1351 qui
267 1310 345 1336 non
359 1296 590 1349 oportuisset
604 1295 686 1335 fieri
699 1325 711 1344 ,
728 1306 769 1336 ut
780 1296 828 1335 ab
841 1296 909 1335 illo
921 1296 1186 1349 detegerentur
1195 1259 1281 1338 csion·

19 1362 77 1390 tes
95 1350 196 1390 Nili?
218 1350 279 1391 sed
291 1350 374 1390 fieri
396 1350 433 1388 id
457 1362 536 1389 non
558 1362 728 1402 poterat,
751 1350 791 1389 δι
815 1349 926 1389 Nilus
945 1362 1025 1389 non
1047 1350 1114 1390 nifi
1135 1353 1182 1390 ad
1196 1353 1281 1393 Ele-

17 1405 222 1458 phantinen
238 1415 317 1444 erat
332 1404 428 1444 bene
441 1403 677 1456 navigabilis.
690 1401 762 1443 Sed
776 1415 903 1456 neque
915 1403 950 1442 id
962 1403 1084 1444 dicere
1098 1405 1182 1444 vult
1195 1406 1279 1446 Lu-

18 1458 173 1507 cianus3
188 1457 249 1498 sed
273 1458 377 1498 illum
400 1457 463 1496 sex
481 1456 625 1496 menses
645 1457 682 1495 in
702 1456 767 1496 ista
782 1457 1090 1509 peregrinatione
1105 1458 1279 1499 consum—

17 1510 119 1560 fiffe,
138 1525 217 1552 non
230 1512 364 1564 utique
376 1510 520 1564 semper
532 1510 745 1563 navigando
758 1523 826 1563 per
840 1510 1040 1550 adversum
1055 1512 1203 1562 Nilum,
1217 1513 1279 1553 sed

17 1578 87 1620 per
106 1566 254 1605 Nilum:
270 1564 400 1604 versus
413 1565 593 1603 interiora
614 1577 657 1603 ac
678 1566 949 1604 mediterranea
970 1577 1151 1618 coeperat
1173 1568 1280 1606 navi-

17 1631 110 1672 gare
126 1619 164 1658 in
188 1618 268 1658 Nili
287 1619 402 1659 alveo
422 1618 562 1658 abhinc
588 1617 661 1657 iam
686 1617 831 1657 sextum
856 1616 1034 1657 mensem.
1058 1622 1169 1661 Κατὰ
1194 1633 1279 1659 non

18 1673 143 1726 magis
164 1673 211 1712 de
234 1671 417 1720 adverso,
438 1684 551 1724 quam
575 1671 621 1710 de
644 1670 809 1711 secundo
829 1684 940 1711 amne
963 1671 1058 1710 sumi
1083 1673 1194 1712 docet
1214 1673 1280 1713 vel

18 1725 96 1779 ipse
111 1727 304 1766 Lucianus
318 1727 356 1765 in
374 1725 471 1765 Iove
484 1725 693 1776 Tragoedo
706 1754 718 1771 ,
733 1723 896 1765 scribens
906 1754 919 1770 ,
938 1727 993 1762 τὰ
1006 1724 1043 1763 δ’
1054 1723 1161 1765 ἄλλα
1173 1730 1278 1767 κατὰ

7 1778 100 1833 ,ῥοῦν
122 1780 277 1832 φέρεται
290 1809 304 1826 ,
329 1779 370 1818 δι
385 1778 497 1818 ταυτὶ
515 1777 584 1828 μὲν
602 1778 650 1819 ἥὲ
652 1792 671 1818 n
697 1780 803 1818 κατὰ
823 1777 904 1831 ῥοῦν
923 1778 1114 1831 προχωρεῖ
1122 1779 1173 1829 τῷ
1198 1781 1279 1820 Δέι.

0 1833 119 1885 mach.
151 1834 295 1874 Grion.
317 1832 477 1884 Adverso
491 1833 577 1871 Nilo
602 1833 642 1872 δι
665 1844 737 1871 nos
764 1833 1069 1884 interpretamur,
1095 1845 1172 1872 non
1195 1847 1277 1886 quo

19 1889 128 1928 κατὰ
139 1889 201 1928 τὶν
214 1885 338 1926 Νεῖλον
352 1887 427 1926 hoc
440 1884 646 1939 significet;
660 1885 719 1924 sed
733 1886 785 1925 ob
803 1886 965 1924 verbum
980 1886 1280 1934 ἀναπεπλεύκει,

19 1941 63 1981 &
88 1939 202 1994 ipsam
227 1941 413 1980 rationem
438 1940 598 1985 itineris,
620 1939 666 1978 ab
692 1939 954 1987 Alexandrea,
973 1950 1016 1977 ut
1035 1950 1216 1991 apparet,
1237 1943 1277 1981 in

21 1994 197 2048 Aegypti
212 1994 392 2033 interiora
412 1993 580 2033 instituti.
602 1992 832 2044 Scrupulum
854 1993 900 2032 de
921 1992 986 2032 sex
1000 1992 1212 2033 mensibusi
1243 1995 1279 2035 se

20 2047 96 2088 iam
111 2049 171 2087 vir
187 2048 321 2088 donus
341 2047 438 2087 bene
455 2047 634 2086 removit.
649 2045 825 2086 Adverso
842 2045 967 2085 fluvio
982 2047 1176 2098 navigavit
1238 2061 1278 2088 e·

22 2102 180 2142 mettius
190 2132 203 2148 ,
222 2101 283 2141 sed
297 2113 376 2140 non
391 2113 472 2140 uno
484 2111 619 2140 tenore
632 2099 766 2140 scilicet
779 2129 792 2145 ‚
806 2112 941 2139 verum
953 2111 996 2139 ut
1008 2099 1137 2152 paffim
1148 2130 1161 2146 ‚
1174 2114 1279 2153 quo-

20 2156 93 2195 ties
110 2156 317 2201 videretur,
339 2155 384 2193 ad
406 2155 599 2201 dextram,
616 2154 662 2193 ad
677 2152 858 2192 sinistram
870 2183 882 2202 ,
900 2165 1120 2193 excurreret
1135 2154 1209 2194 &e
1232 2168 1278 2194 ut

22 2207 252 2256 Phoenices,
271 2209 336 2261 qui
352 2207 520 2248 Africam
535 2209 643 2260 primi
656 2207 1054 2259 circumnavigarunt,
1073 2208 1277 2248 triennium

23 2262 62 2303 ei
73 2263 128 2302 rei
142 2263 406 2315 impenderunt
420 2261 522 2313 apud
535 2262 680 2301 Herod.
695 2275 740 2309 4,
755 2275 817 2310 42.
832 2260 943 2313 Quin
955 2259 1279 2314 plusquamperfe-

23 2315 74 2357 fii
97 2316 196 2355 ratio
215 2316 328 2355 etiam
353 2316 413 2355 hic
427 2315 616 2354 habenda:
640 2314 763 2354 sermo
782 2313 835 2353 est
858 2314 904 2353 de
925 2312 1182 2366 profeffione3
1202 2316 1278 2355 iam

25 2381 176 2423 poterat
199 2369 271 2409 effe
289 2381 501 2422 occupatus
517 2369 555 2407 in
580 2368 713 2408 reditu.
733 2367 807 2407 Sex
825 2367 969 2406 menses
988 2369 1088 2406 enim
1116 2366 1198 2407 satis
1218 2367 1278 2408 su-

77 2436 171 2475 rque
194 2423 270 2470 his,
294 2436 395 2476 quae
410 2423 456 2462 de
480 2422 680 2474 Antiphilo
699 2422 774 2461 iam
790 2421 1057 2467 narrabuntur,
1081 2420 1279 2462 sufficiunt.

25 2436 146 2516 ffefle
160 2477 276 2530 igitur
287 2476 425 2527 adverso
440 2476 526 2515 Nilo
539 2474 702 2515 servavit
720 2475 835 2514 etiam
855 2474 1028 2514 Solanus.
1044 2473 1172 2513 Grsn.

29 2576 40 2582 1
80 2531 191 2572 eadd.
210 2544 268 2580 14.
283 2531 450 2583 Κηρύκιον
468 2533 486 2582 )
515 2529 577 2570 Sic
603 2529 685 2568 libri
710 2540 869 2578 omnes;
886 2525 1012 2568 forsan
1032 2539 1157 2567 tamen
1179 2526 1279 2567 aliud
