1764 3419
219 216 291 262 IN
325 213 577 265 LUCIUM
613 214 749 262 SIVE
783 215 1039 262 AsiNUM.
1143 236 1259 281 ‚493

11 305 301 358 {terim-quoties
321 321 333 345 ι
353 307 394 346 δι
414 320 432 345 n
453 305 550 344 male
561 315 834 358 permutentur,
851 305 1017 344 maxime
1034 305 1072 343 in
1097 305 1153 344 ed.
1177 307 1264 346 lma.

13 360 122 409 facile
135 360 274 398 videbit
285 388 296 406 ‚
313 372 394 399 eam
407 389 419 404 ,
431 359 519 398 dum
537 358 696 410 εὑρήσκει
714 358 836 398 scribit
850 389 861 406 ‚
879 359 1061 396 imitatam
1077 358 1145 397 Ms.
1160 361 1264 410 quod

7 426 65 454 eo
85 411 165 466 ipso
189 411 342 465 εῦρίσκει
367 413 454 452 dare
468 412 615 459 voluit,
631 412 691 451 sed
712 413 807 452 bene
820 410 1019 451 diElantem
1043 411 1137 450 male
1153 425 1265 450 exce-

47 467 92 506 it:
108 467 158 505 ita
172 467 301 505 eadem
324 467 415 518 Ιμηι.
427 478 508 517 cap.
529 479 578 504 20
590 466 702 504 huius
718 464 817 504 Dial.
834 464 943 516 ξῆφει
960 477 1033 517 pro
1051 464 1162 515 ξίφει.
1176 465 1264 504 Vid.

32 532 124 572 aepe
146 519 234 558 alibi
256 519 294 557 in
310 520 484 557 variantt.
500 530 629 557 notata
651 519 782 557 similia
793 549 802 564 ‚
820 531 918 571 quae
935 520 999 556 vix
1012 530 1150 570 operae
1164 517 1264 557 foret

10 571 182 619 ,notass'e3
204 571 271 611 nist
287 572 323 610 hi
338 571 402 624 ipsi
418 584 566 611 errores
578 573 622 610 ad
637 572 935 624 investigandum
949 585 1084 610 verum
1101 570 1268 610 occasio-

15 637 105 664 nem
125 625 358 677 praeberent.
380 624 576 678 Corrupta
590 636 714 664 autern
732 625 790 664 illa
805 626 1066 677 pronuntiatio
1083 639 1102 663 n
1123 624 1232 663 instar
1252 640 1265 663 1

19 678 235 732 proferendi
247 691 325 717 non
344 677 397 718 est
411 680 505 717 adeo
522 691 644 727 nova,
657 689 770 730 atque
792 680 967 725 auelores
983 679 1176 724 nonnulli,
1198 679 1266 730 qui

10 731 66 779 de
86 731 233 772 Graeca
257 742 434 784 pronunt.
456 731 652 784 scripsere,
675 731 836 778 volunt,
855 733 943 783 quin
965 731 1005 770 &
1026 732 1061 770 in
1079 731 1264 783 Inscriptt.

12 785 57 828 ,in
64 786 268 824 veniuntur
278 786 360 825 eius
373 784 527 836 vestigia
537 814 548 830 ,
560 796 602 824 ut
614 784 771 824 ἐινὲὂικεν
786 798 856 836 pro
870 784 1032 824 ἀνέθηκεν
1050 786 1084 823 in
1096 784 1265 837 Inscript.

11 837 169 877 vReinesl
187 852 224 890 p.
241 840 330 891 633,
353 851 397 877 ac
416 851 493 876 non
508 837 620 877 semel
640 839 725 877 alibi
739 839 839 890 apud
858 839 1030 876 eundem.
1049 838 1147 877 Cum
1163 839 1267 877 Hen-

11 892 143 939 'ninius
154 892 254 931 redte
266 905 314 931 ex
331 890 415 944 ipsis
433 889 599 931 fontibus
614 892 808 936 docuerit,
825 903 972 931 veteres
985 890 1119 930 sonum
1135 893 1267 931 literae

12 956 39 991 jo
55 944 193 984 balatui
208 946 340 984 ovium
356 944 585 996 comparasse
597 975 608 993 ,
628 958 728 998 quae
741 945 826 984 inde
835 943 941 995 μῆλα
956 945 1086 983 dietae.
1105 945 1159 983 At
1171 943 1268 996 εὑρέ-

19 1012 78 1037 σει
103 1011 259 1051 quoque
282 998 366 1037 inde
390 997 640 1044 conficerem,
659 999 763 1051 quod
784 999 843 1037 hic
864 1011 984 1050 aeque
1007 998 1151 1037 bonum
1164 1012 1176 1046 3
1198 998 1267 1038 nisi

19 1050 91 1091 usu
105 1053 238 1092 doetus
248 1051 362 1091 essem
375 1081 386 1097 ‚
405 1053 441 1090 in
454 1052 608 1090 alteram
624 1063 767 1104 par—tem
784 1064 944 1105 peccare
956 1051 1034 1090 illas
1045 1051 1126 1091 edd.
1143 1053 1180 1090 δι
1195 1053 1231 1090 in
1246 1067 1267 1092 n

18 1118 91 1157 pro
114 1120 126 1143 ι
144 1104 398 1144 substituendo
412 1103 600 1144 faciliores
615 1105 686 1145 effe
697 1135 708 1152 ,
723 1118 838 1157 quam
851 1115 895 1143 ut
911 1120 933 1142 κ
948 1104 1272 1157 inserant.Vulga-

14 1154 241 1210 «tum'et‘z'pnne
255 1159 428 1210 languet,
446 1159 489 1198 &
513 1159 664 1198 videtur
678 1172 727 1198 ex
747 1159 830 1198 eod.
848 1171 976 1197 errore
995 1170 1123 1197 ortum
1137 1188 1148 1205 ,
1163 1160 1269 1211 quod

12 1207 180 1263 ,εὐρίισκει
201 1211 375 1264 scriptum
400 1212 639 1259 invenirent,
660 1212 701 1251 &
719 1213 756 1250 id
777 1210 954 1251 vitiosum
979 1210 1199 1258 sentientes,
1218 1213 1269 1251 ita

10 1266 214 1318 ‚corr-igere
231 1266 433 1305 voluerint.
450 1265 595 1304 Rfirrz.
793 1295 795 1298 .

10 1352 19 1358 .
35 1348 37 1350 -
78 1319 166 1372 Pag.
184 1321 305 1369 1741.
321 1320 358 1359 6.
372 1320 512 1357 Τούτων
529 1341 574 1348 -
590 1317 756 1372 γάμων)
779 1318 901 1357 Modo
922 1317 1018 1371 plur.
1034 1331 1136 1358 num.
1159 1316 1270 1357 effer·

18 1381 83 1419 tur
100 1371 326 1417 indiscretim
337 1403 347 1419 ‚
365 1373 483 1412 modo
498 1372 589 1425 sing„
612 1373 672 1412 Sic
687 1368 808 1424 ὡραῖον
825 1370 894 1411 usn
913 1373 1046 1424 ’γάμου
1064 1372 1269 1412 habuimus

38 1438 132 1478 upra
143 1425 247 1466 Tox.
260 1438 296 1466 c.
311 1439 382 1471 22,
401 1439 415 1464 1
433 1427 526 1466 Ver.
541 1425 635 1464 Hist.
655 1439 687 1465 c.
710 1440 753 1465 21
773 1425 850 1465 &c.
870 1425 1021 1465 &infra
1043 1425 1147 1464 Dial.
1172 1426 1271 1466 Mer.

15 1491 59 1518 .2.
78 1479 148 1518 Sed
163 1479 294 1531 plural.
314 1479 493 1520 Amom„
511 1492 550 1532 5¹
571 1493 626 1532 pr.
645 1479 750 1518 Dial.
771 1479 868 1518 Mer.
882 1478 968 1517 VII.
984 1479 1175 1531 Aristoph.
1192 1482 1271 1519 Av.

12 1545 42 1581 21.
53 1544 110 1583 32.
126 1533 218 1572 Item
233 1546 289 1573 ter
299 1541 438 1586 quater
449 1533 658 1585 promiscue
671 1533 709 1571 in
724 1533 866 1585 Evang.
885 1532 1025 1572 Matth.
1040 1533 1164 1577 XXII,
1183 1548 1203 1572 2
1229 1534 1270 1573 &

19 1583 260 1638 seqq.’‘0vaao
271 1598 398 1626 autem
414 1600 481 1639 per
499 1598 735 1626 contemtum
750 1587 822 1626 dici
833 1616 844 1634 ,
858 1597 899 1625 ut
919 1599 978 1635 ap.
993 1587 1149 1626 Terent.
1160 1587 1270 1626 And.

16 1637 80 1686 N,
92 1653 128 1693 3,
145 1640 207 1689 18,
222 1641 382 1686 Habeat,
398 1641 527 1685 valeat,
542 1641 642 1679 vivat
652 1656 727 1680 cum
741 1641 816 1687 illa,
834 1639 939 1679 facile
951 1652 1117 1693 apparet.
1130 1640 1272 1679 REITZ.

75 1697 149 1734 ead.
165 1694 189 1733 I.
204 1707 261 1732 12.
274 1692 529 1746 Θεοφόρπτος)
546 1693 641 1733 Illud
660 1706 805 1734 certum
820 1695 985 1742 videtur,
1000 1696 1060 1733 hic
1078 1695 1214 1746 pariter
1228 1695 1272 1733 δί.

20 1747 142 1799 paulo
164 1746 267 1800 post,
287 1747 354 1786 ubi
373 1748 467 1787 redit
491 1748 567 1786 hoc
591 1761 753 1794 nomen,
772 1748 862 1786 nihil
883 1748 927 1786 de
942 1748 1114 1787 instinfilu
1142 1746 1273 1795 Deae,

18 1811 92 1848 aut
115 1800 366 1840 enthusiasmo
390 1802 486 1840 adeo
504 1800 618 1849 asmi,
639 1801 699 1841 sed
720 1801 901 1853 designari
924 1803 1071 1852 gerulum
1090 1804 1212 1847 Deae,
1230 1812 1275 1840 ut

24 1854 214 1906 Apuleius
225 1854 399 1907 appellat.
411 1855 482 1894 Sed
494 1866 621 1894 utrum
637 1855 712 1895 hoc
723 1854 919 1907 significari
930 1854 1038 1906 poffit
1048 1856 1274 1906 δεοφόρκτος,

20 1907 245 1961 quaeritur?
260 1908 379 1947 Favet
393 1919 508 1953 certe,
519 1909 623 1960 quod
637 1922 684 1948 ex
697 1908 866 1960 Polybio
878 1907 1072 1961 profertur
1085 1907 1276 1959 0²24„oeva-

20 1975 146 2015 ρητος,
161 1962 244 2001 iure
259 1960 422 2014 suffragii
435 1974 565 2001 carens
575 1991 587 2009 ‚
598 1964 758 2015 quinon
773 1962 842 2001 fert
854 1961 1088 2015 suffragium.
1104 1963 1228 2002 GESN.

21 2051 37 2063 ⁴
80 2015 161 2055 ibid.
174 2015 216 2054 ‘O
233 2014 277 2054 δὲ
295 2012 460 2056 ωὗλητὴς
477 2015 626 2068 ὅμιλος)
640 2016 691 2056 Η.
706 2029 739 2056 e.
755 2016 920 2055 tibicinum
933 2029 1056 2055 coetus.
1071 2015 1276 2068 Eleganter

23 2067 168 2108 dietum
179 2081 253 2122 pro
262 2067 335 2108 αὖλ
341 2072 465 2109 ητυιὶς
475 2069 615 2118 ὅμιλος,
627 2070 946 2122 quemadmodum
959 2071 1058 2121 apud
1067 2068 1275 2108 Comicum

0 2132 2 2142 ¹
17 2114 120 2162 Pace
139 2123 214 2175 692
226 2153 238 2169 ‚
251 2124 315 2160 τὴν
332 2121 499 2173 ἓημότην
514 2123 656 2173 ὅμιλον,
672 2137 743 2175 pro
756 2123 968 2174 ἓημοτικόν.
981 2124 1071 2162 vid.
1085 2124 1133 2161 ib.
1149 2121 1274 2162 Schol.

0 2183 2 2192 '
19 2175 70 2224 L.
80 2171 362 2216 Boambmhs
374 2176 499 2226 ὅμιλος
508 2176 636 2216 nescio
654 2190 700 2216 an
713 2178 772 2218 hic
785 2177 886 2217 reeh?
899 2177 1054 2217 dicatur.
1066 2177 1276 2228 Tragicum

0 2230 2 2236 ’
27 2230 127 2269 enim
140 2229 204 2269 est.
219 2229 349 2281 Eurip.
363 2230 459 2270 Hec.
472 2243 563 2281 921:
579 2229 731 2270 Ναύταν
747 2228 856 2269 οὐκέθ’
873 2230 950 2283 ὁρῶν
965 2231 1098 2280 ὅμιλον.
1117 2230 1277 2269 SOLAN.

0 2290 4 2300 '
27 2282 285 2336 Adscripserat
299 2283 426 2323 Solan.
445 2283 520 2322 vid.
537 2282 633 2323 infra
654 2289 803 2337 Παρασ.
825 2296 906 2336 cap.
931 2299 992 2337 43.
1007 2284 1060 2323 Ibi
1076 2296 1172 2323 vero
1186 2281 1278 2321 nihil

27 2335 128 2375 aliud
141 2338 294 2376 invenio
304 2367 317 2383 ,
334 2349 451 2389 quam
466 2336 530 2375 καὶ
543 2335 621 2377 πᾶς
633 2331 738 2377 οὗτος
753 2338 892 2388 ὅμιλος·
905 2339 1095 2389 turbaque
1109 2337 1278 2389 philoso-

21 2390 197 2451 phorum
217 2391 268 2430 ibi
285 2390 523 2443 intelligitur3
545 2391 634 2443 quid
655 2402 780 2430 autem
799 2392 874 2431 hoc
898 2393 942 2430 ad
965 2390 1070 2431 rem?
1089 2391 1170 2430 Nec
1189 2390 1277 2429 satis

29 2443 170 2484 mdicat
182 2474 194 2492 ‚
215 2457 290 2497 qua
302 2445 348 2484 de
359 2457 401 2484 re
412 2444 555 2484 dubitet
567 2475 577 2493 ,
597 2445 642 2484 de
654 2444 734 2497 ipso
749 2457 932 2497 apparatu
953 2443 1096 2484 musico
1110 2444 1186 2483 huc
1199 2455 1279 2481 non

0 2505 6 2515 ·
28 2498 262 2551 pertinente,
279 2510 330 2538 an
351 2498 458 2553 quod
469 2497 602 2539 vitiosa
621 2498 850 2540 construelio
871 2495 1033 2548 αὐλητὴς
1056 2495 1279 2550 ὅμιλος.ὃεα1
