1764 3419
435 242 531 297 470
636 234 1502 281 ANNOTATIONES

492 325 565 362 ead.
581 324 605 362 l.
622 337 681 362 12.
698 324 898 362 ‹Fumi-:rav
919 322 1010 375 μοι)
1030 321 1125 360 Illud
1143 336 1206 370 μοι
1223 321 1387 361 additum
1408 320 1693 361 familiaritatem

438 377 628 429 quandam
652 376 693 415 &
716 377 978 416 auftoritatem
994 374 1187 427 significat.
1203 374 1476 426 Exemplorum
1499 375 1599 427 pleni
1612 374 1696 414 sunt

438 442 574 469 omnes
585 430 676 468 libri.
693 431 778 469 Vid.
793 429 918 468 saltem
932 458 942 475 ‚
958 441 1059 481 quae
1069 428 1166 466 dedit
1179 426 1294 466 frater
1307 427 1426 467 cariff.
1438 427 1489 468 G.
1503 427 1555 468 O.
1571 429 1696 468 ReitL

437 483 481 521 <in
496 483 599 535 Betg.
615 482 749 522 Graec.
767 498 801 535 p.
821 495 890 534 353
909 498 991 530 ——4
1007 482 1055 522 Et
1067 481 1237 532 Alciphr.
1254 480 1516 531 compluribus
1530 482 1635 524 locis.
1650 494 1696 521 ac

440 535 606 587 Bergler.
625 537 669 574 ad
682 537 841 574 eundem
857 536 896 580 1,
915 536 983 588 Ep.
1002 535 1049 572 26
1064 563 1075 580 ,
1095 548 1129 585 p.
1145 547 1229 581 107.
1253 534 1333 573 Ubi
1355 535 1389 573 id
1404 533 1513 586 saepe
1528 535 1696 573 abunda-

441 602 502 634 re,
531 589 592 628 vel
617 602 688 640 pro
705 589 794 640 παρ’
811 587 900 638 ἐμοῦ
922 589 1013 640 poni
1027 589 1151 628 docet.
1165 587 1278 635 ‘Alibi
1298 599 1424 627 tamen
1441 588 1695 628 difficultatem

439 642 560 693 parit,
572 655 613 680 ut
626 642 712 680 ibid.
724 643 775 681 111
787 673 798 686 ,
814 656 862 694 30
874 674 882 685 ,
896 654 980 694 pag.
998 654 1072 695 340
1083 670 1096 687 ,
1109 640 1151 680 ἐκ
1164 640 1307 679 τούτων
1324 640 1550 695 (στρουθίων)
1568 640 1696 695 Λαχόν

439 709 502 744 μοι
518 698 591 733 τὰς
603 695 735 734 πίονας
751 696 813 734 καὶ
835 695 1017 746 decipimur
1030 695 1268 734 ἀπέσταλκα
1282 696 1397 733 πέντε
1412 694 1558 735 εἴκοσιν.
1571 699 1631 736 Ex
1643 697 1696 733 his

436 747 637 799 paffirculis
661 762 790 800 partem
812 749 941 787 eleHam
968 750 1042 801 misi
1054 748 1248 800 pinguiores
1269 747 1334 786 tibi
1359 749 1393 785 ὃ»
1410 752 1620 800 camvfions,
1656 760 1696 787 ut

442 802 557 839 vertit
569 801 692 852 Ber-gl.
705 803 771 854 qui
789 813 914 841 tamen
930 802 1023 841 illud
1033 816 1097 850 μοι
1112 802 1171 841 hic
1185 814 1261 841 non
1275 803 1484 853 concoquit
1495 833 1507 849 ‚
1523 815 1611 842 cum
1629 815 1701 855 pe<

442 854 517 892 tius
538 869 592 892 σοι
609 853 785 906 scriptum
800 866 1007 906 oporteret.
1024 857 1076 894 At
1090 855 1115 893 si
1133 854 1267 908 λαχὼν
1281 868 1352 907 pro
1374 857 1500 909 λειχὴν
1516 856 1636 909 legas,
1653 868 1696 897 ac

442 919 509 959 per
530 907 680 947 solitum
704 909 968 962 pleonasmum
991 910 1173 962 accipias,
1201 921 1280 948 non
1302 921 1451 948 tantum
1471 909 1700 948 difficultatis

442 961 690 1054 videmdiam
715 963 826 1015 elegit
853 964 957 1015 prius
971 964 1039 1014 fibi
1059 962 1162 1015 quod
1178 962 1363 1015 placeret,
1385 975 1464 1002 non
1487 974 1530 1002 ut
1535 963 1604 1014 fibi
1625 962 1701 1002 ser·

441 1026 563 1053 varet.
624 1027 727 1054 firrz.

498 1071 571 1106 ead.
584 1070 606 1106 l.
624 1083 678 1122 ¹3·
691 1068 854 1122 Μάγος)
870 1069 961 1109 Non
975 1081 1085 1110 erant
1103 1070 1193 1109 olim
1216 1069 1314 1122 magi
1327 1069 1493 1120 plebeiae
1505 1069 1615 1110 sortis
1629 1069 1700 1109 ho·

444 1121 563 1161 mines
576 1153 588 1170 ‚
608 1121 667 1161 sed
687 1124 785 1174 apud
806 1121 954 1170 Persas,
974 1123 1204 1175 Aethiopes,
1225 1123 1437 1163 Chaldaeos
1458 1124 1499 1163 &
1519 1124 1630 1163 lndos
1651 1136 1699 1162 ex

441 1177 544 1227 regia
570 1175 680 1228 stirpe
701 1189 902 1228 proceres,
926 1177 961 1215 in
982 1175 1245 1217 secretioribus
1269 1176 1528 1229 philosophiae
1550 1176 1591 1216 &
1610 1178 1701 1216 artis

443 1231 734 1269 mathematicae
747 1232 889 1270 arcanis
900 1231 1050 1270 educati
1061 1260 1070 1274 ,
1091 1229 1307 1283 sagacissimi
1324 1229 1562 1283 sympathiae
1574 1244 1700 1271 rerum

442 1283 674 1329 naturalium
689 1283 729 1322 δι
745 1284 956 1323 divinarum
970 1284 1244 1336 exploratores.
1257 1283 1405 1324 COGN.

499 1339 569 1375 ead.
587 1338 609 1375 l.
633 1350 687 1385 ¹4.
703 1340 886 1391 Μάχλος)
900 1338 961 1377 Sic
977 1339 1017 1378 &
1030 1338 1126 1377 infra
1140 1339 1186 1376 de
1208 1351 1287 1377 non
1302 1350 1390 1377 tem.
1409 1338 1508 1377 cred.
1523 1337 1700 1378 Calumn.

442 1402 525 1441 cap.
544 1391 592 1428 26
605 1420 616 1436 ‚
633 1387 705 1435 ὑπὸ
721 1396 885 1444 μάχλου
906 1395 1102 1446 γυναικὶς,
1118 1404 1351 1445 quamquam
1364 1391 1439 1432 Th.
1463 1392 1567 1444 Mag.
1580 1392 1633 1431 ibi
1650 1392 1701 1432 le-

441 1444 498 1495 git
516 1443 690 1496 μάχλκς.
709 1443 851 1483 Rtrrz.

507 1497 587 1534 ibid.
614 1497 834 1540 Ἐπιβέιλλει
862 1500 925 1537 τὶν
952 1498 1172 1559 ὀφθαλμὸν)
1201 1498 1261 1540 Sic
1282 1499 1383 1551 apud
1406 1498 1512 1538 LXX
1524 1529 1536 1546 ,
1563 1499 1701 1539 Genes.

441 1549 638 1592 XXXIX.
655 1565 694 1599 7,
714 1551 928 1596 ἐπέβαλλεν
946 1549 963 1591 ἧ
984 1551 1079 1603 ’γυνὴ
1102 1567 1169 1591 του
1187 1554 1306 1604 κυρίου
1320 1551 1440 1592 adrev]
1458 1552 1546 1592 τοὺς
1563 1552 1701 1602 &offlan-

439 1602 534 1653 μοὺς
549 1599 666 1643 αὐτῆς
685 1604 748 1643 ἐπὶ
767 1602 910 1654 Ἰωσήφ.
927 1604 1068 1658 Estque
1083 1606 1223 1658 phrasis
1244 1606 1478 1647 amatoribus
1497 1607 1538 1645 &
1557 1606 1703 1647 amasiis

442 1658 597 1709 propria
610 1688 622 1703 ‚
636 1658 745 1698 cuius
760 1659 868 1707 plura
881 1659 1056 1712 exempla
1070 1660 1145 1698 vid.
1161 1661 1264 1713 apud
1282 1660 1311 1699 Ι.
1332 1659 1471 1699 Elsner.
1489 1661 1535 1699 ad
1558 1660 1702 1714 Evang.

441 1711 647 1759 Matth.V‚
663 1711 710 1751 28
742 1711 883 1752 Rmrz.

497 1769 570 1803 caci.
583 1766 601 1802 l.
626 1778 638 1802 i
652 1779 681 1815 5.
697 1764 943 1818 Ὓποικοὺσει)
958 1766 1082 1818 Quod
1096 1767 1224 1807 Solan.
1239 1766 1470 1820 inquisierit,
1490 1779 1580 1806 num
1602 1779 1702 1820 quae

438 1817 499 1857 ed.
517 1819 625 1857 aliter
639 1819 792 1859 haberet
805 1851 815 1867 ‚
829 1819 1073 1872 suspicionem
1089 1822 1303 1873 praebuerit
1315 1852 1327 1867 ,
1347 1834 1435 1860 eum
1449 1821 1494 1860 de
1507 1819 1698 1872 ὑπακούσῃ

442 1872 630 1924 cogitasse.
645 1873 715 1913 Sed
729 1872 829 1914 reste
842 1874 878 1914 se
891 1874 1032 1913 habere
1044 1875 1306 1922 indicativum,
1319 1873 1394 1926 ipse
1405 1885 1531 1914 tamen
1543 1887 1624 1929 non
1632 1875 1702 1914 du.

442 1926 590 1965 bitavit.
607 1927 705 1965 Nam
729 1927 840 1980 supra
859 1928 903 1967 ad
917 1928 1051 1978 Tim.§
1068 1943 1130 1982 33,
1152 1929 1213 1968 ubi
1230 1928 1400 1976 εἵσεται,
1422 1924 1500 1967 οἷάν
1515 1942 1567 1978 με
1587 1930 1699 1968 οὖσαν

439 1980 652 2029 ἀπολείψει
673 1981 877 2030 habemus,
892 1984 997 2034 quod
1018 1983 1079 2021 alii
1093 1982 1227 2022 frustra
1241 1983 1278 2020 in
1300 1982 1492 2032 ἀπολείψη
1509 1994 1699 2022 mutatum

411 2048 413 2051 ’
442 2033 673 2080 voluerant,
693 2034 770 2085 ipse
789 2035 865 2075 hoc
890 2036 1128 2082 testimonio,
1150 2035 1302 2088 aliisque
1319 2036 1452 2082 utitur,
1469 2037 1514 2075 ad
1533 2036 1700 2090 proban-

442 2085 527 2124 dam
544 2086 640 2126 hanc
654 2087 833 2139 loquendi
847 2090 1183 2129 consuetudinem:
1209 2090 1255 2130 de
1271 2103 1348 2142 qua
1369 2089 1409 2129 δι
1430 2101 1501 2129 nos
1523 2089 1608 2128 alibi
1627 2090 1699 2128 iam

440 2140 610 2191 egimus,
627 2139 870 2193 pluribusque
887 2156 1066 2196 agemus,
1081 2143 1108 2182 si
1128 2156 1227 2196 opus
1239 2143 1351 2182 fuerit
1363 2157 1374 2191 ·,
1388 2143 1498 2183 nimis
1511 2143 1611 2182 enim
1627 2142 1701 2181 usi-

440 2202 541 2232 tatus
556 2193 607 2232 est
632 2194 692 2233 hic
715 2197 848 2235 modus
863 2196 970 2235 simili
991 2198 1026 2235 in
1049 2197 1360 2245 construffione,
1386 2196 1450 2236 ubi
1472 2196 1594 2236 Latini
1615 2198 1700 2249 qui·

441 2246 527 2284 dem
543 2246 825 2288 subjunctivum
841 2251 968 2299 porius
990 2263 1181 2298 amarent,
1199 2264 1314 2303 quam
1330 2262 1373 2289 ut
1386 2250 1557 2302 pluribus
1572 2262 1699 2290 exem·

439 2299 511 2352 plis
524 2300 698 2352 indigeat.
711 2302 855 2341 Rmz.

496 2355 601 2392 ead.l.
612 2368 620 2390 ι
631 2357 666 2393 6.
675 2354 732 2394 Εἰς
741 2356 836 2409 ζῶα)
846 2355 908 2395 De
920 2356 1119 2396 hominum
1134 2357 1170 2396 &
1182 2357 1383 2396 brutorum
1398 2356 1696 2408 metamorphofi

437 2405 480 2445 in
498 2406 590 2447 alias
613 2406 754 2448 formas
769 2409 925 2449 Aristot.
952 2411 997 2449 de
1017 2411 1175 2450 mirabil.
1198 2412 1281 2450 aud.
1300 2410 1419 2450 Ovid.
1435 2410 1476 2449 L.
1490 2411 1585 2450 XIV
1603 2411 1699 2450 Met.

440 2459 535 2505 Plin.
547 2461 705 2509 L.V111,
717 2475 749 2502 c.
767 2477 832 2509 22,
844 2463 956 2502 Arist.
974 2464 1014 2502 L.
1024 2463 1105 2512 IX,
1117 2477 1152 2504 c.
1167 2465 1236 2517 36,
1248 2463 1411 2511 L.V111‚
1427 2476 1458 2503 c.
1476 2478 1511 2515 5,
1523 2464 1640 2504 Solio.
1653 2463 1696 2503 L.

439 2510 511 2561 ῙΧ,
526 2515 626 2568 Aug.
641 2515 681 2556 L.
698 2515 834 2557 XVIII
847 2518 891 2558 de
905 2516 992 2558 Civ.
1007 2516 1102 2566 Dei,
1114 2529 1148 2558 c.
1162 2518 1334 2573 16.virg.
1348 2517 1535 2559 Ec1.vul.
1549 2514 1707 2560 COGNJ
