1764 3419
313 221 1052 268 LECTIONES.
1130 270 1135 273 ,
1219 229 1302 288 361

51 308 77 347 1.
94 321 107 346 1
119 308 313 360 2.‘'Oo·o·oe)
327 307 389 347 Sic
405 309 476 348 iam
493 308 593 347 reete
607 308 652 346 P.
673 307 714 346 δι
730 309 775 346 B.
793 322 826 346 2.
841 306 944 346 Cett.
958 306 1049 345 ὅσοι.
1078 307 1103 345 l.
1122 320 1178 357 13.
1194 310 1254 346 col.
1277 325 1311 349 2.

50 361 123 399 Καὶ
146 361 313 414 ἔρὁψεν)
331 362 473 401 Melius
487 362 524 400 in
536 361 624 400 Sch.
639 376 686 413 43
704 362 748 400 ad
763 366 807 399 Θ.
824 368 870 400 Δ.
886 361 1023 412 legitur
1036 358 1067 400 ii.
1083 360 1200 398 Solan.
1231 363 1308 400 ibid.

49 414 75 452 l.
98 429 155 463 14.
170 415 349 467 Μηὸέων)
366 416 465 454 Nihil
490 415 681 454 varietatis
705 426 878 454 notatum
893 415 1050 453 invenio
1062 443 1073 459 ‚
1088 415 1284 466 mirorque
1299 445 1311 462 ,

38 466 231 512 solanum
258 469 333 508 hoc
361 467 603 520 praeteriisse:
627 468 755 507 credas
781 469 881 506 enim
892 498 906 514 ,
932 466 1130 520 legendum
1156 469 1312 515 μελέων.

48 519 121 560 Sed
140 522 230 561 nihil
251 521 304 560 est
319 535 428 573 opus.
445 523 555 574 Reiez.
611 523 701 572 Pag.
720 522 843 573 231.l.
862 536 891 560 1.
916 526 1128 571 Νώνυμνοι)
1151 520 1310 560 Restitui

49 587 98 612 ex
125 575 179 614 Fi.
197 575 237 615 δι
253 577 413 615 Homer.
435 577 597 625 Νώνυμοι
617 578 720 613 enim
744 576 864 626 vulgo
885 575 968 614 edd.
995 576 1032 613 &
1054 573 1106 614 Ο.
1129 576 1309 623 Νὼνυμνοι

49 626 177 667 Schol.
221 632 294 667 ead.
310 629 482 679 Κνίσσιισι
495 629 511 682 )
524 632 705 668 κνισσοισι
723 627 773 668 Ο.
824 629 848 667 l.
868 644 902 681 3.
922 628 1140 681 Συνθέουσι)
1154 628 1212 667 Sic
1227 629 1310 667 ded-i

37 694 97 720 ex
109 681 160 721 Ο.
175 681 215 721 P.
229 682 268 722 &
281 680 407 721 Schol.
423 683 509 723 licet
524 681 573 721 O.
592 681 784 732 ξυνθέουσι.
796 682 889 720 Edd.
903 683 1064 721 συνίασι.
1099 682 1128 731 Vl.
1146 696 1181 728 7.
1199 681 1307 728 Τοὺς)

47 734 140 774 Non
156 735 321 788 agnoscit
337 737 538 774 articulum
554 735 605 774 O.
661 735 686 773 l.
705 748 759 773 10.
777 734 1056 785 Καθῑὲοῦνται)
1073 734 1188 774 Deest
1207 736 1242 773 in
1257 735 1309 775 O.

46 789 72 828 l.
88 803 102 828 1
115 803 146 827 1.
159 789 414 842 Ἀναπλ-ες)
437 791 582 829 ὄιν-ων
597 788 649 828 Ο.
677 789 702 827 l.
726 802 780 827 12.
797 786 994 841 Προσίικει)
1012 789 1173 842 Ηιὶίὶὶῐυί
1186 802 1232 828 ex
1256 791 1310 829 O.

46 840 232 895 Προσῆκεν
247 842 329 882 edd.
370 844 394 882 l.
413 857 426 881 1
437 857 469 896 3.
485 843 706 894 Πρόχειρον)
722 841 844 894 χεῖρον
858 842 908 881 Ο.
955 843 1055 890 1.·14.
1069 842 1137 895 Ἤ)
1152 842 1310 882 Omittit

46 894 99 935 O.
147 896 235 949 Pag.
251 911 338 948 232.
352 897 376 935 l.
395 910 426 935 1.
439 894 514 935 Τῶν
530 896 678 947 χαλκ.)
692 895 796 934 Bene
810 895 858 934 stc
873 897 926 934 Fl.
940 897 993 934 H.
1015 899 1056 934 V.
1073 911 1107 934 2.
1126 897 1170 934 P.
1183 899 1223 934 S.
1236 901 1308 948 Γας

46 960 176 1001 χαλκ.
191 949 287 989 male
302 950 331 989 I.
374 953 447 989 ead.
459 949 534 988 Τῶν
547 949 732 1000 Μύρωνος)
748 950 812 987 τοὺ
835 953 921 1000 Μυρ.
937 948 988 988 O.
1031 950 1055 988 l.
1073 964 1106 987 2.
1123 954 1308 1000 Προτιμη-

44 1003 139 1042 τέαν
151 1006 169 1050 )
183 1005 452 1054 προτιμοτέραν
466 1016 583 1055 marg.
598 1005 651 1042 A.
672 1016 702 1040 1.
717 1002 757 1041 ὅ(
769 1002 820 1042 Ο.
836 1004 900 1053 qui
924 1016 1016 1042 mox
1039 999 1131 1042 εἶναι
1149 1005 1306 1043 omittit.

44 1055 69 1094 I.
87 1049 238 1110 6.‘'0⁷1)
260 1057 349 1096 Non
366 1070 563 1105 comparet
576 1057 613 1095 in
628 1057 682 1095 Fl.
732 1057 757 1095 l.
777 1070 832 1108 13.
850 1056 1104 1101 Ἐπιο-τίλβον)
1120 1056 1308 1096 ἀποστίλ-

42 1110 104 1155 βον
120 1109 171 1149 Ο.
191 1123 304 1150 manu
317 1112 542 1150 recentiore.
572 1111 596 1148 l.
622 1123 678 1158 14.
691 1110 982 1162 Ἐπηυγάσῧαή
1001 1110 1306 1161 ἑπιλυγάζεσὲιαι

45 1164 144 1203 male
165 1163 216 1203 O.
240 1164 578 1216 Ἐστηλυγέιζεσὲιαι
602 1163 703 1203 Coll.
761 1164 784 1204 l.
805 1176 858 1214 15.
877 1163 1009 1216 Μυῶν)
1033 1162 1091 1203 Sic
1107 1162 1159 1202 O.
1183 1165 1307 1205 Μυιῶν

45 1217 132 1257 edd.
149 1216 253 1257 Μηῶν
268 1217 365 1257 male
378 1219 407 1257 Ι.
439 1219 525 1269 Pag-
542 1232 629 1270 233.
642 1217 666 1255 l.
685 1231 718 1256 2.
729 1216 770 1255 ‘O
785 1217 880 1270 Μὴν)
893 1216 954 1256 Sic
967 1216 1176 1256 restitutum
1191 1230 1238 1256 ex
1252 1217 1306 1257 O.

45 1271 86 1311 δι
102 1271 153 1310 Fl.
168 1271 266 1310 Nam
283 1271 347 1310 καὶ
362 1270 435 1321 μὴν
449 1272 530 1310 edd.
553 1283 640 1312 cett.
662 1270 770 1310 male.
792 1271 868 1310 Μὴν
885 1269 900 1307 ὁ
916 1270 970 1308 ὅλ.
990 1270 1027 1309 P.
1082 1274 1156 1308 ead.
1171 1265 1305 1323 “Ome)

44 1322 123 1364 ὅσοι
140 1325 194 1362 Fl.
205 1318 310 1363 Ὅλοι
329 1338 415 1364 cett.
433 1325 473 1364 &
487 1325 525 1364 P.
554 1326 578 1363 l.
596 1339 630 1377 3.
646 1324 873 1377 Πολύτιμοι)
888 1324 947 1363 Ex
962 1325 1017 1362 Fl.
1035 1323 1085 1364 fic
1099 1324 1202 1369 dedi,
1216 1338 1304 1364 cum

43 1378 294 1427 πολυτίμητοι
311 1379 400 1417 esset
417 1379 455 1417 in
470 1379 553 1417 edd.
572 1389 658 1418 cett.
686 1378 709 1416 l.
726 1394 762 1427 4.
782 1377 1020 1430 1³02.)Vid.
1035 1389 1115 1417 not.
1146 1381 1218 1416 «ια’.
1236 1380 1304 1416 Καὶ

41 1431 144 1484 τοῦ)
163 1432 270 1471 Haec
284 1431 404 1471 deesse
421 1432 458 1471 in
474 1432 525 1472 O.
545 1433 585 1472 ὃ(
600 1431 640 1470 Ρ.
664 1444 770 1471 notat
791 1431 920 1471 Solam.
934 1432 1024 1471 Non
1041 1431 1124 1470 satis
1137 1431 1304 1471 distinete

44 1496 197 1532 tamen,
221 1499 319 1525 anne
337 1499 545 1539 utrumque
569 1487 604 1525 in
626 1496 805 1538 utroque.
822 1485 945 1537 Quod
969 1497 1097 1524 tamen
1122 1484 1302 1538 suspicor,

42 1540 134 1591 quia
155 1540 194 1579 δι
214 1541 255 1580 in
265 1541 321 1579 Fl.
341 1539 463 1579 abesse
475 1541 600 1580 video.
647 1540 670 1577 l.
685 1539 720 1577 8.
737 1539 933 1593 Πτωχὶν)
949 1541 1095 1579 πένητα
1109 1538 1161 1578 O.
1199 1539 1223 1577 l.
1242 1553 1256 1577 1
1269 1554 1304 1580 1.

43 1592 352 1646 Προτιμῆσετα.ι)
376 1593 651 1645 προτετίμηται
666 1592 718 1633 O.
773 1593 797 1631 l.
816 1606 871 1642 15·
890 1595 953 1632 col.
972 1607 1006 1633 2.
1026 1593 1148 1641 Τούτῳ
1165 1591 1303 1644 ἱερατι-

42 1646 135 1694 κῶς)
150 1646 258 1686 τοῦτο
273 1647 325 1686 :91'
339 1647 448 1686 ἐκεῖνο
464 1647 510 1686 C.
557 1647 582 1686 l.
597 1648 652 1686 16.
669 1648 731 1686 col.
749 1661 778 1685 1.
791 1647 831 1685 ‘O
846 1647 994 1698 Μιθρῆν)
1013 1648 1157 1698 Μιθριις,
1170 1649 1209 1685 ὄι
1223 1646 1304 1687 fine

41 1701 149 1740 artic.
166 1701 277 1740 edita.
291 1701 474 1740 Correxit
488 1700 616 1740 Solen.
633 1699 921 1753 adscripfitque:
940 1701 1031 1740 Exc.
1052 1702 1095 1740 G.
1119 1700 1133 1738 ὁ
1157 1699 1302 1749 Μιθρὴν,

40 1753 233 1806 Περσικός.
253 1753 267 1793 ὁ
294 1755 370 1794 Μὴν
394 1753 559 1808 Φρύγιος.
583 1755 599 1793 ὃ
622 1754 668 1793 δὲ
690 1753 829 1805 Μιθρίις.
848 1755 895 1793 V.
913 1755 1047 1801 etiam,
1071 1754 1137 1793 nist
1158 1756 1263 1806 quod
1284 1754 1301 1793 ὅ

38 1808 109 1859 μὲν
123 1807 252 1860 Μιθρὲιν
266 1808 402 1848 ultimo
415 1809 504 1848 loco
518 1808 644 1848 habet.
682 1810 760 1846 ibid.
774 1809 797 1846 l.
813 1822 872 1847 20.
887 1808 1061 1861 Ἐκόμων)
1075 1809 1302 1862 ἐκόμουνκειη-

40 1872 79 1901 te
95 1862 236 1902 editum
251 1863 361 1902 male.
412 1862 436 1900 l.
453 1875 513 1901 21.
525 1863 586 1901 col.
602 1877 634 1900 2.
650 1862 685 1899 Εἰ
697 1861 863 1914 mmcd.)
881 1861 944 1901 Sic
961 1861 1005 1902 C.
1022 1875 1092 1914 pro
1107 1875 1186 1914 quo
1203 1865 1298 1901 εἰναι

40 1915 111 1968 λὲγ
121 1931 216 1955 οιντο
230 1917 362 1956 eratin
376 1916 498 1955 editis.
514 1916 557 1954 In
570 1916 621 1955 V.
637 1928 762 1955 autem
774 1913 867 1955 εἶναι
881 1915 1055 1956 Σένοιντο.
1071 1917 1189 1955 Solan.
1217 1917 1299 1955 ibid.

38 1968 63 2008 l.
79 1983 140 2021 23.
152 1969 289 2016 Μὺσει)
305 1969 364 2010 Sic
381 1970 493 2010 etiam
509 1969 556 2010 C.
601 1970 691 2023 Pag.
710 1984 796 2021 234.
809 1970 834 2007 l.
854 1983 911 2008 10.
932 1970 1001 2008 Καὶ
1014 1970 1097 2019 τον)
1112 1970 1175 2008 καὶ
1195 1968 1299 2008 abest

41 2035 63 2062 a
76 2024 132 2062 Fl.
161 2026 232 2062 ead.
248 2024 446 2073 Ἀπόλλω)
462 2024 562 2063 Nihil
576 2036 671 2063 mut.
689 2024 772 2062 edd.
791 2023 829 2062 ἃ
843 2022 894 2062 O.
924 2023 947 2061 l.
968 2037 983 2061 1
996 2037 1024 2061 1.
1037 2024 1088 2063 Ἐν
1102 2023 1178 2062 τοις
1193 2023 1298 2076 {swy-

39 2091 114 2116 που
126 2077 225 2125 καθ.)
241 2077 428 2130 Quinque
442 2077 534 2117 haec
543 2078 661 2117 verba
672 2076 804 2116 omissa
818 2078 855 2115 in
872 2076 928 2115 Fl.
957 2077 982 2115 l.
1002 2090 1060 2129 13.
1076 2077 1296 2124 Κόλλοπας)

37 2128 99 2170 Sic
114 2131 199 2170 edd.
211 2144 367 2184 excepta
377 2133 430 2170 Fl.
447 2144 547 2184 quae
560 2131 736 2170 κόλοπας.
751 2130 822 2170 Sed
835 2129 886 2170 O.
902 2131 1106 2170 σκόλοπας.
1136 2134 1209 2170 ead.
1226 2134 1297 2168 Hs«

37 2185 342 2238 ρισεσυλιιμένον)
364 2188 525 2225 &otoo-ec.
542 2184 593 2224 Ο.
647 2185 672 2224 l.
689 2199 745 2238 15.
760 2186 823 2224 col.
843 2198 871 2223 1.
892 2183 1017 2237 Ἀντὶ)
1033 2184 1208 2224 τουτέστι
1224 2197 1297 2235 pro

38 2239 124 2278 ἀντὶ
137 2237 226 2284 τοῦ,
242 2240 406 2278 ediderat
419 2239 520 2279 Cler.
539 2238 611 2278 Sed
625 2252 713 2278 cum
726 2239 813 2278 ἀντὶ
827 2237 893 2279 τὴν
910 2237 997 2278 effet
1013 2240 1048 2277 in
1064 2239 1115 2278 V.
1132 2238 1217 2277 ἀντὶ
1229 2237 1296 2276 τοῦ

38 2291 126 2331 inde
138 2291 226 2331 fecit
243 2292 370 2332 Solan.
388 2294 528 2333 merito
547 2294 696 2345 quidem
711 2322 722 2339 ,
743 2293 832 2331 licet
845 2292 910 2332 τὴν
929 2293 974 2331 ad
989 2305 1115 2345 praec.
1131 2293 1294 2331 relatum

38 2346 206 2385 excusari
224 2360 350 2397 queat.
368 2349 477 2400 Reitz.
517 2348 542 2386 l.
558 2360 613 2399 19.
627 2348 690 2385 col.
710 2361 741 2385 2.
758 2347 985 2399 Κόλλοπας)
1001 2345 1201 2384 κόλλαπας
1218 2346 1292 2383 edi-

38 2410 77 2438 ta
99 2401 208 2439 male.
224 2400 270 2439 Et
291 2402 465 2453 proxime
476 2400 562 2440 τοὺς
580 2414 651 2453 pro
670 2396 742 2439 σῖίς.
759 2400 977 2451 Utrumque
991 2400 1210 2439 emendavit
1225 2398 1294 2437 So·

38 2452 112 2492 lan.
141 2455 229 2507 Pag.
247 2469 292 2506 23
304 2468 334 2505 5.
348 2456 373 2494 l.
390 2469 423 2508 3.
438 2452 679 2507 Τολμῆσειεν)
692 2453 880 2502 τολμῆσαι
896 2453 1146 2504 FLVulgatae
1159 2451 1291 2491 suffra-

39 2517 150 2560 gatur
162 2507 201 2548 P.
231 2508 304 2558 1.,4.
320 2508 365 2548 Δ’
383 2505 459 2563 οὖν)
471 2507 562 2563 γοῦν
578 2507 629 2549 Ο.
658 2509 681 2548 l.
695 2508 817 2561 7.''Av·
832 2504 953 2559 ὥστε)
968 2507 1012 2549 ἂν
1025 2506 1162 2547 inserui
1175 2518 1224 2546 ex
1237 2504 1288 2546 Ο.
