1764 3419
242 232 313 283 ΙΝ
346 235 564 284 IovEM
600 231 1068 283 CONFUTATUM.
1129 270 1132 274 .
1210 250 1301 301 509

39 332 143 370 rem,
162 332 306 364 utcum
322 324 386 363 καὶ
400 326 625 372 cohaereat
643 323 671 363 fi
692 332 780 363 ante
801 324 819 363 ἢ
847 323 1009 363 velimus
1026 334 1173 373 [memma
1191 325 1302 365 intel-

40 378 118 430 ligi.
142 377 241 416 Nam
268 377 413 417 sensum
436 390 515 417 non
539 377 635 425 effe,
660 378 721 416 sed
748 378 919 416 homines
945 374 1178 415 remunerari
1202 380 1302 419 velle

41 429 165 478 Deos,
181 441 246 469 aut
270 432 373 470 bona
394 432 442 470 ab
460 430 545 483 ipfis
566 443 718 478 emere,
734 429 838 482 (cum
856 430 1016 469 fateatur
1037 429 1218 481 luppiter,
1233 444 1303 472 eos

42 483 134 522 nihil
157 484 203 522 ab
219 482 306 523 Diis
329 484 530 538 accipere)
553 496 656 545 petet
674 497 721 522 ex
749 483 927 535 responso
951 482 1131 534 Cynilci‚
1150 495 1196 521 ex
1218 498 1302 535 quo

40 535 167 576 sensus
186 538 392 577 verborum
417 539 519 577 lovis
532 539 640 577 unice
653 539 859 590 petendus,
874 537 913 576 &
927 549 973 575 ex
987 549 1036 575 eo
1052 536 1134 575 latis
1147 537 1302 591 intelligi

44 589 189 642 potest,
203 590 269 629 etfi
284 604 362 630 non
373 590 458 630 satis
471 602 619 643 pateat,
636 591 837 643 quomodo
850 590 966 629 verba
985 589 1056 628 sint
1071 590 1304 630 constituen-

43 644 100 682 da.
114 643 161 682 Et
175 644 672 696 video,Geln.70ftdet1am
686 644 724 682 in
738 643 914 683 versione
925 643 989 682 sua
1001 642 1305 686 deleffe.R1‹:1Tz.·

96 698 169 736 ead.
185 697 209 735 Ι.
229 711 286 750 13.
292 697 553 750 Ἤτιμωντες)
569 699 740 751 Apparet
755 710 803 736 ex
824 697 1136 763 interpretatione
1151 698 1303 748 nostra,

41 749 221 788 omiffum
237 763 308 789 nos
322 762 479 817 putare
470 751 508 789 in
519 752 647 816 priore
661 751 834 790 membro
843 749 1005 799 μᾶλλον,
1025 750 1114 796 ὅσον,
1130 751 1191 790 vel
1206 751 1304 792 fimi-

43 803 80 842 le
97 804 204 855 quid,
218 805 322 856 quod
337 816 423 844 ante
437 819 504 845 την
519 819 538 844 η
551 817 632 843 non
646 804 807 843 insolens
819 803 916 849 effe,
933 803 1091 843 constat.
1107 804 1303 858 Aristoph.

42 859 129 904 Νεφ.
149 870 268 905 1420,
293 857 394 897 Εἰκος
415 856 460 896 ἑὲ
478 857 663 926 μάΛίο-τα,
684 857 770 897 τοὺς
789 857 970 921 ’γέροντας
991 856 1008 897 ii
1033 872 1121 896 τους
1144 859 1240 898 νέους
1262 870 1306 899 τι

44 910 190 959 κλᾴειν.
203 909 382 962 Thucyd.
398 910 452 956 II,
469 910 543 974 89,
560 910 780 950 Ἀντίποιλοι
799 925 829 950 οι
843 922 995 950 πλειους
1006 925 1050 948 τνι
1036 910 1232 961 ὣννοιμει
1247 928 1306 952 το

44 964 160 1002 πλέον
180 963 325 1003 πίσυνοι
348 963 366 1004 ἢ
387 979 431 1012 τῃ
458 963 585 1017 γνώμη
610 963 853 1017 ἐπέρχονται.
873 963 966 1003 Illud
980 949 1132 1016 quidem
1149 966 1307 1004 videba-

42 1025 106 1056 tur
121 1016 232 1056 nobis
250 1029 297 1056 ex
310 1028 391 1056 tota
406 1015 498 1057 serie
518 1028 713 1070 apertum,
730 1018 922 1056 removeri
938 1031 958 1057 3
973 1017 1085 1057 causa
1104 1017 1306 1059 sacrificio-

43 1082 127 1110 rum
139 1070 277 1128 χρείαν
295 1072 334 1109 δι
333 1081 556 1136 cognatam
574 1070 625 1110 illi
638 1070 849 1117 ἀντίὲοο-ιν,
864 1084 907 1111 ac
918 1074 959 1109 το
978 1069 1174 1118 ὠνεῖσθαι,
1192 1073 1306 1112 relin-

43 1124 112 1176 qui
126 1123 243 1163 lolam
257 1123 367 1175 τιμὴν
381 1139 447 1163 του
463 1124 659 1170 βελτίονος.
680 1124 814 1162 Similis
829 1124 939 1164 lccus
958 1124 1009 1164 est
1025 1124 1110 1163 Iov.
1130 1125 1246 1179 Trag.
1269 1140 1304 1168 c.

51 1177 128 1225 46,
149 1173 310 1216 Ουκουν
301 1176 414 1230 ε’φερεν
428 1177 529 1229 ὑμᾶς
543 1179 633 1217 τότε
648 1175 663 1215 ὃ
678 1175 811 1226 ἄνεμος
824 1200 868 1207 -
882 1192 900 1216 n
915 1179 945 1215 οἱ
961 1178 1184 1230 ἐρέττοντες.
1206 1181 1273 1219 Et
1265 1193 1306 1220 m

45 1229 128 1296 ipso
141 1229 218 1270 fine
231 1231 312 1270 eius
328 1230 458 1270 libelli:
476 1229 731 1292 Ἐβουλόμην
711 1245 754 1269 ow
769 1227 832 1269 ἕνα
842 1229 1037 1270 τοιοῦτον
1026 1245 1129 1292 εχειν
1145 1254 1189 1261 -
1201 1248 1218 1273 n
1231 1249 1306 1282 μυ-

43 1284 124 1337 ρίοις
142 1298 207 1334 μοι
230 1281 485 1330 Βαβυλωνοις
469 1285 671 1337 υπέιρχειν.
685 1283 810 1324 GESN.
829 1284 892 1323 De
909 1284 1048 1324 omiss'o
1067 1296 1231 1334 μαλλον,
1245 1286 1306 1326 sed

43 1336 152 1377 facile
165 1337 447 1385 subaudiendo,
461 1338 637 1378 nonnihil
655 1338 766 1377 etiam
781 1338 855 1377 dixi
871 1337 916 1376 ad
931 1337 1083 1390 Quom.
1104 1338 1200 1378 Hist.
1223 1353 1307 1393 cap.

48 1403 95 1443 ¹7
116 1390 139 1430 f.
165 1391 310 1430 Rmz.

97 1445 189 1496 Pag.
208 1445 295 1484 208.
308 1446 332 1484 l.
352 1459 381 1484 ῐ.
398 1444 672 1498 Xpnc‘t6‘rn71)‘
676 1447 797 1485 Ικοινον
816 1460 880 1484 και
891 1460 1028 1490 τουτο
1049 1444 1079 1485 εἰ
1095 1445 1160 1485 nou
1173 1460 1217 1485 συ
1231 1446 1308 1497 φνις

43 1497 108 1537 ἐπι
119 1497 437 1551 unsevaxpnca‘paqu
449 1499 660 1553 γίγνεσθαι
675 1514 748 1539 τοις
758 1499 910 1547 θυσίαις,
922 1499 1158 1551 χρηστότητι
1177 1498 1223 1538 se‘
1236 1515 1308 1541 τινι

43 1565 118 1591 των
143 1552 332 1605 ἀνθρώπων
351 1555 545 1604 τιμώντων
561 1569 602 1592 'to
615 1553 777 1598 βέλτιον.
794 1555 876 1592 Hoc
880 1555 971 1605 satts
983 1554 1044 1605 cst,
1048 1554 1086 1604 fi
1096 1554 1194 1592 etiam
1206 1554 1306 1600 dicis,

46 1606 174 1644 nullius
193 1606 352 1645 utilitatis
373 1607 479 1658 causa
496 1606 601 1658 sacra
616 1607 714 1657 fieri:
735 1622 847 1645 verum
870 1607 1016 1645 bonitate
1034 1609 1179 1659 quadam
1200 1607 1306 1646 lzomi.

46 1674 128 1698 num
139 1663 254 1712 quod
258 1662 479 1714 psaestantzus
502 1662 546 1712 est
558 1661 746 1699 colentium.
767 1660 828 1700 Sic
845 1659 944 1700 ιἐξὶε
969 1661 1177 1712 interpreS‚
1198 1662 1307 1700 colen-

47 1714 131 1753 tium
146 1713 221 1754 scil.
238 1714 358 1753 Deos.
376 1714 476 1753 Nihil
492 1715 553 1752 hic
570 1726 790 1761 monerem,
808 1713 877 1752 nifi
896 1712 965 1753 Ms.
988 1714 1136 1753 iuberet
1147 1726 1307 1755 menon

48 1768 275 1820 praeterire,
289 1768 423 1829 quod
416 1781 453 1807 m
472 1768 538 1807 illo
557 1767 695 1820 legitur
707 1765 984 1821 εὔγνὼμοσὺνκ,
1004 1780 1075 1819 pro
1088 1767 1307 1819 χρηστότη-

52 1835 107 1860 τι·
133 1821 208 1860 hoc
226 1822 388 1861 minime.
400 1822 565 1869 damno,
585 1823 745 1861 alterum
769 1832 896 1860 tamen
926 1820 979 1860 est
1003 1821 1216 1870 efficacius,
1244 1823 1310 1862 de-

50 1875 169 1914 clarat
182 1876 284 1914 enim
298 1887 509 1914 memorem
521 1906 533 1925 ‚
548 1887 700 1927 gratum
717 1877 756 1914 δι
777 1875 1010 1914 benevolum
1027 1876 1194 1914 animum
1216 1888 1309 1942 pro-

18 1931 21 1933 ’
51 1938 136 1989 pter
156 1940 309 1980 accepta
323 1929 517 1969 beneficia.
536 1929 595 1969 Sic
609 1942 691 1981 pag.
715 1943 782 1982 ¹23
802 1929 898 1967 idem
920 1927 1055 1967 Codex
1071 1942 1143 1980 pro
1163 1930 1227 1968 ml
1248 1944 1310 1975 τι·

52 1996 147 2036 μεως
159 1983 408 2050 γεραίροντες,
422 1983 549 2024 scribit
567 1983 717 2021 &votam
740 1982 982 2035 γεραίροντες.
1002 1981 1175 2022 ΟΒΛΕν.

106 2040 179 2076 ead.
195 2038 217 2075 l.
234 2051 267 2089 3.
284 2036 367 2074 Καθ’
381 2036 474 2103 ότι)
493 2035 712 2088 Legendum
729 2036 835 2075 καθ’(
829 2036 865 2084 o',
885 2036 1110 2081 τιβελτίους
1123 2036 1197 2087 φης
1220 2035 1305 2077 τοὺς

52 2089 169 2130 θεοὺς·
189 2103 268 2129 non
288 2089 389 2128 καθ’
382 2091 461 2137 ότι,
485 2102 527 2128 ut
549 2090 680 2143 vulgo.
704 2090 808 2130 IENs.

108 2146 180 2182 ead.
196 2144 219 2184 l.
239 2157 295 2192 ¹7.
307 2141 499 2183 Ἀναο-πὲίν
513 2144 684 2198 τνινγην)
699 2144 817 2183 Hom.
830 2143 873 2182 11.
889 2148 920 2181 Θ
934 2157 1020 2192 ‚²4·
1033 2143 1191 2183 δοῖ-ΑΝ.

111 2199 204 2249 Pag.
217 2210 304 2251 209.
321 2199 344 2237 l.
362 2197 399 2236 8.
418 2200 482 2235 Τον
495 2198 686 2250 Ἀπόλλω)
706 2196 870 2250 Apollo'
864 2209 959 2236 mter
975 2196 1167 2250 pastorum
1183 2197 1313 2236 numi·-¹

55 2263 104 2290 na
122 2261 361 2299 numeratur,
374 2262 463 2290 nam
479 2250 610 2302 &ipse
624 2264 758 2304 greges
775 2251 926 2290 Admeti
944 2250 1111 2291 Theffali
1132 2251 1229 2302 regis
1244 2263 1312 2302 pa-

56 2304 152 2344 visse
172 2305 315 2344 dicitur.
331 2305 439 2356 Virg
461 2327 504 2334 -—
520 2305 554 2343 δ’
567 2318 597 2343 te
611 2307 814 2345 memorande
836 2320 992 2344 canemus
1007 2307 1130 2357 Pastor
1149 2305 1194 2342 ab
1215 2305 1310 2342 Αγη-

53 2359 194 2420 plzrysp.
207 2357 356 2398 COGN.
369 2357 469 2398 Cum
485 2357 1310 2409 I.moxc.61ned.itemc.10in10v.Trag

59 2413 100 2452 δι
119 2413 224 2457 alibi,
242 2425 318 2452 una
337 2425 425 2452 cum
450 2422 537 2452 cett.
560 2412 720 2451 habeat’
723 2412 907 2458 Αστὸλλω,
931 2412 1071 2451 nullam
1089 2411 1172 2450 eius
1190 2411 1314 2451 ratio-

59 2478 146 2505 nem
163 2467 222 2505 hic
242 2467 452 2506 habendam
468 2477 580 2518 patet.
593 2466 844 2506 Grammatici
867 2466 1016 2516 quidem
1036 2466 1157 2509 aiunt,
1176 2464 1314 2502 Ἀπὸλό

59 2530 112 2560 m
131 2532 203 2574 pro
217 2520 436 2562 Ἀπόλλωνα,
457 2519 530 2561 ess'e
543 2521 766 2574 poeticum,
790 2532 859 2574 per
878 2519 1066 2560 Doricam
1087 2529 1317 2572 apocopen}
