1764 3419
277 237 358 282 IN
405 235 555 282 PRO
602 232 1129 280 IMAGINIBUS..
1225 242 1319 298 407

56 316 163 362 'duali
178 321 360 375 scripserit
370 351 384 369 ,
399 323 532 375 paucis
546 318 580 362 id
593 319 868 374 recognoscere
880 320 1036 360 iuvabit.
1053 320 1154 360 Cum
1167 322 1266 361 enim
1282 324 1321 362 in

62 374 224 415 Ptolem.
246 378 431 416 Harmon.
446 391 480 429 p.
501 377 570 428 158
593 375 694 414 reete
707 374 869 414 edidisset
883 374 969 413 ui'v
985 374 1124 426 χεροῖν,
1145 376 1182 412 in
1205 378 1320 426 praef.

64 442 135 482 p.3
158 432 227 468 ait:
243 431 380 469 Retineo
404 429 490 469 ταῖν
510 428 645 482 χερσῖν,
659 430 808 481 quodfic
828 429 967 466 hahetur
987 428 1021 465 ἰη
1039 428 1201 479 plerisque
1220 430 1322 467 Codi-

65 497 141 521 cum
152 512 165 528 ,
181 495 317 536 propter
334 481 352 524 ῗι
370 483 468 537 χείρ.
488 483 555 520 Sed
562 484 673 534 potior
686 483 777 521 leffl'o
791 483 920 520 videtur
931 482 1020 520 unici
1038 482 1173 520 Codicis
1184 486 1223 520 Κ.
1242 482 1323 520 τοῖν

67 535 203 588 χεροῖν.
231 538 361 576 Volunt
373 538 485 589 utique
509 537 731 575 Grammatici
749 534 948 586 femininum
973 534 1059 588 χεὶρ
1073 535 1151 585 fieri
1171 536 1207 573 in
1226 537 1321 574 duali

66 605 200 630 numero
215 589 446 641 masculinum.
467 589 519 628 At
533 602 606 641 ego
619 588 801 642 nusquam
816 589 922 628 aliter
936 590 975 627 in
995 590 1164 628 Luciano
1175 619 1186 635 ‚
1204 602 1321 641 quam

65 641 152 681 ’ταῖν
165 644 287 697 χεροῖν
300 644 441 682 inveni.
457 643 544 682 Vid.
566 643 674 695 supra
687 642 856 682 Demon.
875 655 906 683 c.
927 656 941 680 1
954 656 967 681 1
987 640 1011 681 f.
1026 642 1072 680 Et
1086 642 1215 681 Somn.
1237 642 1253 691 §
1276 644 1299 682 6
1312 675 1324 691 ‚

63 708 112 736 ac
124 698 264 736 centies
277 696 376 736 alibi.
390 696 461 735 Sed
474 697 625 735 videtur
638 697 697 734 vir
715 695 858 734 doffiff.
872 707 938 734 aut
954 695 1197 738 Grammatici
1212 697 1323 735 dece-

65 749 122 800 pti
133 749 170 787 in
183 750 237 789 τὼ
255 749 360 803 χεῖρε
375 780 386 795 ,
408 750 519 802 quod
530 763 618 789 cum
633 748 775 788 Nostro
794 749 946 802 aliisque
966 749 1102 788 Atticis
1117 749 1298 789 familiare
1310 782 1324 801 ‚

66 803 189 842 immo
201 815 424 856 perpetuum
438 802 515 842 fere
528 802 571 842 fit
582 834 594 851 ‚
611 815 683 854 pro
702 806 756 841 τὰ
768 832 779 847 ,
807 802 900 855 (vid.
915 803 1017 842 Tox.
1033 815 1065 841 c.
1082 802 1130 849 48
1143 835 1154 850 ,
1169 803 1209 842 &
1223 817 1322 856 quae

68 856 193 895 obiter
206 857 252 896 ad
265 856 392 896 Piscat.
409 856 425 905 §
441 869 489 895 20
504 867 681 895 notamus
701 857 739 894 in
755 856 809 895 τὼ
823 856 979 908 τέχναι)
994 857 1185 895 credidere
1197 856 1322 897 forsan

67 909 182 948 etiam
194 910 231 948 in
247 910 418 962 genitivo
429 922 474 948 ac
486 910 617 949 dativo
630 911 759 948 locum
774 910 934 957 habere,
952 910 1016 948 vel
1061 911 1159 948 otius
1175 911 1323 951 inverse

67 963 282 1003 tribuerunt
297 964 332 1003 id
353 962 585 1002 substantivo
595 964 695 1016 χεὶρ,
707 964 811 1015 quod
825 963 989 1002 articulo
1001 964 1037 1002 es
1067 964 1324 1005 tribuendum.

66 1015 135 1057 Ille
149 1017 252 1055 enim
275 1017 514 1063 communis,
529 1018 649 1056 immo
672 1018 794 1056 omnis
809 1016 851 1055 fit
874 1017 1048 1069 generis,
1067 1020 1225 1056 eandem
1248 1030 1323 1057 ter·

69 1070 317 1110 minationem
335 1070 531 1110 retinendo
542 1071 580 1109 in
594 1071 661 1109 τώ.
678 1071 776 1110 Nam
792 1070 817 1108 si
832 1069 1107 1109 substantivum
1122 1072 1160 1109 in
1173 1070 1265 1124 sing.
1282 1072 1325 1111 &

69 1123 164 1175 plur.
189 1123 417 1163 femininum
432 1136 568 1164 revera
587 1123 694 1164 fieret
712 1123 981 1171 masculinum,
1003 1124 1102 1162 idem
1124 1125 1325 1164 dicendum

68 1176 171 1216 foret
187 1176 234 1216 de
254 1177 537 1229 τέχνη,·πὸλις
552 1177 626 1217 &c.
654 1178 746 1230 quia
767 1177 934 1216 similiter
954 1178 1008 1216 τὼ
1022 1177 1150 1229 τέχνα
1162 1207 1173 1222 ,
1191 1178 1244 1215 τὼ
1259 1178 1328 1218 πό-

71 1241 155 1277 )ιεε,
170 1231 223 1269 τὼ
243 1229 360 1283 {maipa
375 1231 594 1279 invenitur3
609 1241 652 1271 ut
665 1232 742 1270 vid.
763 1244 821 1283 ap.
836 1232 1014 1269 Maittair.
1038 1230 1084 1268 de
1100 1230 1273 1270 Dialeffl.
1288 1247 1324 1283 p.

68 1283 134 1331 84.
159 1283 247 1336 Qui
269 1295 394 1324 tamen
415 1284 458 1324 δι
483 1285 576 1325 haec
594 1285 640 1324 ad
662 1283 856 1336 enallagen
883 1284 1029 1337 generis
1048 1284 1185 1331 refert,
1212 1285 1252 1323 &
1278 1298 1326 1324 ex

71 1337 253 1390 Thucyd.
268 1336 343 1377 τοῖν
359 1337 509 1378 πόλεσιν
524 1351 682 1391 quoque
696 1338 880 1390 producit.
897 1337 1022 1389 Quod
1033 1336 1060 1375 fi
1079 1337 1179 1377 re&e
1204 1336 1240 1377 se
1261 1339 1326 1377 ha-

71 1391 158 1437 bet,
177 1392 299 1431 rarius
318 1402 444 1431 tamen
459 1392 535 1438 est,
548 1392 660 1445 (nam
679 1392 730 1432 sic
748 1392 835 1430 alibi
849 1404 928 1430 non
943 1390 1060 1444 solet)
1081 1392 1254 1443 adeoque
1268 1405 1329 1431 ar-

67 1443 177 1487 ticuli
190 1445 467 1492 immobilitati,
481 1457 524 1485 ut
541 1446 591 1485 fic
605 1446 724 1486 dicam
738 1473 750 1492 ‚
769 1445 900 1497 potius
914 1443 1194 1484 adscribendum
1210 1444 1328 1485 duxe-

73 1499 145 1537 rim
158 1528 172 1544 ,
189 1511 308 1551 quam
323 1498 390 1551 ipsi
402 1500 559 1539 nomini.
580 1499 661 1539 Aut
678 1499 826 1552 potius,
839 1509 881 1537 ut
897 1511 1031 1537 verum
1045 1497 1178 1546 fatear,
1190 1498 1328 1539 abusus

72 1552 127 1590 est
151 1552 200 1592 ab
223 1552 374 1605 vulgari
391 1552 666 1593 consuetudine
687 1551 954 1598 introductus,
974 1552 1093 1604 qualis
1115 1552 1214 1604 apud
1232 1565 1329 1600 nos,

74 1618 163 1645 cum
184 1605 343 1646 dicimus
365 1608 394 1645 ’s
410 1608 534 1645 werelts
546 1607 624 1660 loop
633 1636 647 1653 ,
665 1608 694 1644 ’s
706 1609 850 1645 moeders
862 1606 1007 1644 lichnum
1018 1636 1032 1652 ,
1051 1604 1256 1645 masculino
1272 1619 1331 1645 ar-

73 1660 195 1699 ticulo
209 1670 357 1699 utentes
370 1660 409 1698 in
425 1673 505 1700 uno
523 1660 598 1699 hoc
618 1661 730 1712 genit.
745 1658 831 1698 casu
843 1689 854 1705 ‚
877 1672 955 1712 pro·
973 1658 1100 1698 femin.
1121 1672 1220 1712 quae
1239 1673 1329 1700 cum

73 1712 234 1753 Graecis
259 1713 480 1766 quibusdam
504 1713 682 1753 abusibus
703 1712 886 1752 similibus
911 1712 1012 1752 reete
1031 1725 1228 1763 comparat
1253 1712 1330 1753 fr-a-

74 1777 133 1805 ter
158 1767 250 1807 Car.
268 1766 320 1807 G.
336 1766 387 1807 O.
403 1767 526 1806 Reitz.
546 1768 585 1806 in
605 1767 710 1819 Beig.
725 1766 864 1807 Graec.v
877 1780 913 1819 p.
939 1767 1009 1814 46..
1021 1766 1136 1806 Conf.
1150 1767 1193 1805 8(-
1209 1765 1332 1806 Scho-

74 1818 168 1859 liast.
192 1820 371 1873 Sophocl.
391 1819 505 1874 supra
527 1821 573 1860 ad
598 1820 730 1860 Piscat.
755 1833 788 1860 c.
814 1833 863 1860 20
883 1819 1107 1867 adductum,
1130 1821 1195 1872 qui
1215 1821 1331 1861 etiam

75 1871 140 1913 τοῦ
156 1887 227 1927 pro
240 1872 309 1913 τῆς
328 1875 364 1913 in
381 1874 470 1927 sing.
486 1874 635 1916 adducit
654 1875 706 1913 ab⁴
723 1873 863 1914 Atticis
879 1873 1111 1924 usurpatum.
1133 1874 1216 1926 Ego
1232 1887 1331 1914 vero

76 1927 164 1967 ταῖν
184 1927 308 1982 χεροῖν
329 1929 465 1980 utique
480 1927 656 1980 praefero
668 1958 680 1975 ‚
698 1927 842 1967 etiamsi
856 1928 918 1967 vel
932 1928 1177 1967 concederem
1195 1928 1334 1967 Walli-

75 1980 156 2028 sio,
179 1994 299 2035 genus
322 1981 541 2021 substantivi
559 1994 701 2021 revera·
715 1982 754 2020 in
770 1981 868 2020 dual.
892 1981 1055 2026 mutari,
1074 1993 1154 2020 non
1179 1981 1333 2021 articuli

76 2035 208 2087 culpa:
232 2048 342 2084 nam,
361 2036 480 2083 modo
495 2036 706 2088 probatum·
724 2034 769 2074 fit
793 2033 868 2074 τοῖν
890 2033 1014 2086 χεροῖν
1033 2035 1125 2074 olim
1148 2033 1331 2087 scriptum

75 2089 316 2142 dictumque,
336 2089 460 2129 levius
475 2089 608 2137 fuerit,
628 2089 832 2142 viffligare,
850 2087 972 2127 fiame
985 2088 1062 2127 hoc
1081 2088 1230 2127 articuli
1250 2088 1334 2127 cul·

76 2156 126 2195 pa
139 2173 153 2188 ,
166 2155 215 2181 an
229 2143 377 2194 generis
394 2142 612 2183 substantivi
633 2155 726 2182 vera
745 2141 924 2194 enallage.
940 2141 1136 2193 Quamvis
1154 2152 1334 2183 accurate

76 2196 277 2249 loquendo
295 2195 525 2249 distinguere
540 2196 678 2235 malim.
692 2197 792 2235 Nam
807 2208 896 2235 cum
911 2195 1010 2235 δυοῖν
1022 2196 1146 2234 omnis
1166 2194 1210 2234 sit
1223 2208 1337 2246 gene.

79 2251 152 2297 ris,
176 2250 329 2289 minime
340 2249 521 2303 sequitur,
534 2262 652 2289 omne
663 2250 701 2289 id
719 2248 992 2289 substantivum
1015 2248 1333 2295 femininum,cui

80 2303 179 2342 suoru
191 2304 426 2356 adiungitur,
449 2305 486 2342 in
505 2304 609 2343 duali
620 2302 702 2342 fieri
724 2302 982 2343 masculinum.
995 2301 1115 2341 Simul
1129 2313 1257 2341 autem
1273 2302 1335 2340 hic

78 2357 400 2410 notemu5‘042p0Tv
411 2369 496 2397 non
503 2356 578 2397 effe
589 2358 876 2410 poeticum3pro
887 2356 1039 2410 χειροῖν,
1053 2355 1112 2395 sed
1124 2356 1160 2394 in
1174 2354 1333 2406 pedestri

77 2409 254 2451 sermone
265 2412 380 2450 etiam
395 2410 666 2450 ufitatiffimum
676 2440 689 2457 ,
700 2410 920 2463 Nostroque
934 2410 1143 2461 proprium.
1160 2409 1308 2448 REITz.

131 2466 204 2503 ead.
219 2467 244 2502 l.
260 2464 297 2503 8.
316 2466 433 2516 Μείζω
447 2463 558 2504 τοῦτο
572 2464 589 2517 )
612 2465 714 2517 Lege
733 2462 877 2504 τούτου.
898 2463 1067 2504 GUYET.
1083 2462 1154 2503 Sed
1170 2461 1254 2516 post
1275 2462 1336 2509 in=3

78 2528 243 2558 ventum
257 2516 388 2562 τοῦτον
402 2519 478 2559 iam
489 2526 570 2559 non
584 2531 683 2571 opus
696 2517 760 2558 est.
776 2518 918 2560 Rr-rrz.
971 2570 1008 2610 C

1024 2583 1045 2609 c
1075 2583 1097 2617 4
