1764 3419
296 247 367 294 IN
399 244 614 293 IOVEM
647 242 1078 290 TRAGOEDUM.
1155 270 1158 273 Δ
1227 260 1317 312 559

60 345 111 374 ex
122 333 193 373 hac
203 333 284 373 vita
296 332 418 373 solum
432 331 641 384 exspeaes,
661 343 704 371 ut
724 332 772 371 de
792 331 1026 371 beatitudine
1044 331 1124 370 eius
1147 345 1321 383 pronun-

59 389 154 435 ties;
171 387 245 433 sed,
257 387 346 440 quid
355 387 455 426 hanc
466 387 584 425 vitam
594 386 784 438 sequatur,
798 384 950 437 respice,
967 384 1059 423 &in
1076 385 1243 424 rationes
1261 400 1321 426 re·

60 440 131 489 fer,
153 442 374 493 quicunque
393 440 440 478 de
460 440 698 492 providentia
713 440 947 478 iudicaturus
960 437 1126 486 accedis;
1148 450 1195 477 ne
1220 439 1321 478 stulti

64 505 135 533 aut
147 494 257 547 pravi
271 494 550 533 ratiocinatoris
562 492 717 545 culpam
738 492 870 532 subeas
881 522 894 537 ,
917 491 1018 531 levia
1037 491 1077 529 &
1094 492 1238 530 minuta
1254 506 1325 542 pu-

63 549 194 593 tantis,
206 546 389 586 summam
405 546 513 585 rei&
526 556 639 598 caput
655 546 874 585 emittentis.
890 545 1002 584 Malis
1015 555 1143 584 autem
1155 558 1242 585 cum
1256 546 1323 585 be-

63 613 113 640 ne
124 601 189 648 est,
202 599 437 653 patescitDei
452 612 539 639 cum
555 599 777 651 benignitas,
790 609 870 638 tum
886 599 1079 651 patientia,
1090 612 1202 650 quae,
1217 609 1260 638 ut
1269 613 1324 639 re-

61 653 248 706 fipiscant,
262 655 412 701 invitat,
424 654 514 692 dum
528 654 782 705 poenitentiae
799 653 906 693 locus
919 652 984 699 est,
1007 653 1322 703 inminentesque

65 708 244 760 quamvis
260 706 373 755 seras,
386 718 508 747 certas
527 717 668 752 tamen,
685 705 867 745 scelerum
884 718 1026 759 poenas
1040 705 1236 758 effugiant.
1260 708 1325 746 Se-

64 773 182 800 necae
203 761 333 800 locum
355 761 510 800 unicum
533 759 575 800 &
594 758 777 799 Laflantii
801 760 961 799 alterum
983 759 1041 798 hic
1063 759 1190 799 locum
1207 760 1325 800 addu-

63 827 172 859 cam,
194 815 260 866 qui
278 814 364 853 sane
384 814 423 852 in
444 826 527 853 eam
554 826 632 852 rem
653 813 724 865 legi
741 813 781 852 δι
795 814 974 866 perpendi
991 811 1089 852 serio
1113 826 1321 854 merentur.

62 867 152 919 Qui
175 881 254 907 rem
280 866 542 920 pertraelatam
562 867 690 905 videre
706 868 861 913 volent,
884 865 1093 906 Sberlockii
1109 867 1172 906 De
1186 866 1327 907 Provi-

64 921 191 961 dentia
203 922 339 960 librum
356 922 508 967 adeant,
522 920 588 972 qui
598 920 765 972 Anglico
781 921 960 960 idiomate
973 920 1222 972 conscriptus,
1235 921 1327 962 Gal-

64 975 136 1016 lice
149 976 261 1014 etiam
279 987 401 1027 nuper
416 973 546 1013 versus
559 974 595 1012 in
610 974 785 1012 omnium
800 974 975 1013 manibus
988 973 1128 1013 versari
1144 986 1325 1015 meretur.

66 1027 198 1068 Senec.
214 1029 260 1068 de
274 1027 370 1067 Div.
389 1027 501 1066 Prov.
515 1027 604 1066 Non
616 1027 723 1066 vides
736 1057 748 1073 ,
767 1039 915 1080 quanto
929 1027 1036 1067 aliter
1048 1038 1196 1080 patres,
1216 1030 1325 1068 aliter

67 1093 208 1122 matres
220 1080 460 1134 indulgeant?
485 1080 542 1119 lili
555 1082 753 1120 exercitari
766 1081 896 1120 iubent
910 1082 1052 1121 liberos
1064 1081 1109 1120 ad
1125 1081 1242 1121 studia
1257 1085 1327 1122 ob-

67 1136 192 1176 eunda
216 1145 387 1174 mature:
416 1134 557 1174 feriatis
581 1147 740 1187 quoque
765 1135 899 1174 diebus
919 1148 999 1174 non
1024 1137 1227 1187 patiuntur
1251 1137 1325 1176 effe

67 1188 239 1229 otiosos:
271 1190 311 1228 δι
338 1188 513 1228 sudorem
538 1188 610 1227 illis
634 1189 674 1228 &
700 1188 890 1228 interdum
916 1188 1088 1227 lacrimas
1113 1191 1326 1231 excutiunt,

66 1242 285 1282 Lassantius
295 1243 350 1288 V,
362 1256 410 1281 22
426 1257 434 1280 :
450 1242 486 1281 Si
498 1242 583 1295 quis
593 1254 721 1281 autem
733 1242 839 1281 volet
853 1241 941 1281 scire
954 1242 1115 1294 plenius,
1125 1255 1193 1282 cur
1206 1244 1329 1283 malos

68 1297 112 1337 δι
128 1295 287 1336 iniustos
298 1296 409 1335 Deus
421 1306 598 1347 potentes
609 1326 620 1344 ‚
636 1296 768 1335 beatos
777 1326 787 1343 ,
799 1295 841 1334 &
854 1295 991 1334 divites
1004 1295 1087 1334 fieri
1101 1295 1218 1344 finat3
1241 1298 1327 1349 pios

67 1362 203 1390 contra
221 1349 406 1398 humiles,
428 1348 604 1396 miseros,
629 1349 763 1402 inopes
785 1348 857 1388 effe
882 1349 1067 1403 patiatur:
1090 1348 1211 1388 sumat
1235 1364 1327 1389 eum

70 1403 237 1444 Senecae
249 1403 410 1449 librum,
435 1403 496 1443 cui
522 1403 657 1442 titulus
673 1402 740 1451 est,
767 1404 883 1454 Quare
900 1403 996 1442 bonis
1015 1403 1101 1442 viris
1111 1404 1217 1442 multa
1235 1406 1327 1443 mala.

69 1458 241 1504 accidant,
260 1472 334 1496 cum
344 1457 633 1510 fitprovidentia,
653 1457 689 1495 in
703 1469 786 1509 quo
801 1456 862 1495 ille
878 1456 994 1496 multa
1017 1469 1097 1496 non
1117 1457 1227 1510 plane
1249 1458 1329 1496 im-

68 1512 202 1565 peritia
220 1510 399 1560 seculari,
425 1510 486 1550 sed
505 1509 706 1564 sapienter,
734 1521 780 1550 ac
804 1522 925 1563 paene
944 1510 1124 1551 divinitus
1151 1511 1328 1551 elocutus

66 1564 122 1605 est
134 1565 210 1605 διο.
230 1565 387 1605 SOLAN.

122 1621 197 1658 ead.
209 1620 233 1658 l.
245 1634 282 1668 4.
295 1617 521 1671 Ἐπαντλεῒ)
540 1617 630 1658 Vid.
643 1616 738 1657 infra
755 1627 838 1658 not.
850 1616 960 1657 Ienfii
980 1618 1025 1657 ad
1040 1617 1157 1658 Mort.
1177 1618 1329 1672 Peregr.

67 1685 102 1713 c.
121 1687 138 1726 5
156 1686 207 1712 m.
229 1673 296 1725 qui
315 1672 518 1714 ἑπαντλεῖν
533 1671 726 1725 (λόγους)
749 1672 934 1725 exemplis
953 1672 1092 1725 probat
1111 1683 1225 1725 atque
1239 1673 1328 1712 illu-

68 1725 169 1767 strat.
195 1726 340 1766 Rmz.

124 1782 202 1819 ead.
224 1781 248 1819 l.
266 1781 304 1825 6.
318 1780 392 1834 Δὶ)
405 1779 484 1820 Ox.
499 1778 581 1820 Mn.
594 1779 665 1819 Sed
680 1779 851 1820 nondum
865 1792 888 1818 a
903 1792 964 1819 me
977 1779 1179 1831 impetrare
1192 1779 1330 1826 va1e0;

70 1845 116 1875 ut
134 1833 225 1874 illud
244 1833 294 1874 sa
310 1834 505 1888 repudiem
518 1863 531 1880 ,
548 1834 653 1886 quod
675 1834 789 1874 toties
813 1833 865 1872 fic
878 1833 1068 1885 eleganter
1090 1831 1263 1885 usurpari
1278 1834 1327 1872 ab

72 1888 149 1928 hoc
163 1887 296 1928 nostro
315 1888 354 1928 δι
375 1888 423 1927 ab
438 1887 518 1926 aliis
535 1888 690 1938 optimis
711 1886 954 1941 scriptoribus
971 1887 1097 1925 video.
1113 1886 1271 1926 Sorax.

128 1943 220 1995 Pag.
241 1942 327 1994 285.
345 1943 369 1980 l.
390 1956 450 1980 12.
476 1939 730 1993 Τυμβωρὺχε)
749 1940 912 1980 Deserui
938 1940 1160 1993 scripturam
1187 1941 1328 1980 editio-

71 2008 166 2036 num
175 1995 387 2048 principum
397 1994 596 2034 secundam
607 1996 910 2049 corripientium.
922 1994 1019 2034 Nam
1029 1995 1144 2046 longa
1154 1993 1206 2033 est
1214 1995 1328 2034 etiam

73 2050 176 2103 apud
189 2050 301 2097 alios,
315 2050 354 2089 δι
370 2048 561 2101 Aristoph.
576 2049 673 2088 Rau.
692 2062 707 2087 1
720 2049 792 2088 180
805 2079 815 2097 ‚
843 2044 1010 2102 oz‘a'wq’
1021 2046 1066 2088 ἐὶν
1076 2052 1130 2089 em
1146 2051 1236 2101 πρὸς
1246 2063 1326 2087 πει-

77 2105 162 2156 τρὸς
175 2103 432 2157 τυμβωρύχος.
453 2102 599 2141 REITz.

129 2160 204 2196 ead.
224 2158 248 2196 l.
267 2169 324 2207 15.
342 2157 412 2196 Καὶ
425 2153 489 2209 ὧς)
512 2155 592 2196 Ox.
608 2155 647 2196 δι
659 2156 714 2195 Fl.
725 2156 782 2196 ed.
800 2155 846 2195 In
867 2155 1020 2209 reliquis
1033 2152 1081 2196 ὦς
1094 2155 1173 2205 καὶ,
1185 2169 1327 2209 prave5

72 2209 144 2250 nisi
160 2211 265 2264 quod
276 2211 320 2249 B.
337 2225 371 2250 2.
386 2210 425 2250 ὃς
436 2211 497 2249 καὶ
509 2210 611 2258 fecit,
623 2211 748 2249 minus
758 2221 855 2262 apte.
876 2210 1034 2249 SOLAN.

129 2265 221 2318 Pag.
239 2264 326 2304 286.
347 2265 370 2303 l.
395 2277 429 2302 2.
454 2266 617 2318 Πληγὲις
635 2264 784 2317 λαβὼν)
801 2263 950 2304 Crebro
973 2264 1093 2303 utitur
1113 2263 1184 2303 hac
1202 2263 1325 2316 phrasi

75 2316 230 2365 Noster,
245 2331 360 2371 quam
380 2330 467 2358 cum
482 2316 706 2370 Belgicismo
719 2317 876 2358 Graeco
891 2329 1085 2370 comparat
1101 2315 1219 2356 frater
1231 2330 1328 2357 con·

75 2370 206 2411 sultiff.
219 2371 271 2411 G.
285 2371 337 2411 Ο.
352 2371 474 2411 Reitz.
491 2372 529 2411 in
541 2371 646 2425 Belg.
658 2370 839 2412 Graeciff.
860 2384 942 2424 pag.
954 2384 1045 2424 495.
1064 2368 1180 2411 Conf.
1195 2369 1328 2411 Somn.

73 2437 158 2478 cap.
173 2440 207 2465 2.
230 2425 375 2465 Rmrz.

130 2481 205 2519 ead.
224 2480 248 2519 l.
268 2495 301 2532 3.
319 2477 571 2533 Ἀποθραὺσω)
596 2478 673 2519 Etsi
697 2478 811 2532 supra
833 2492 863 2520 c.
876 2493 924 2532 43
941 2477 966 2517 f.
982 2477 1236 2526 ἐπισφάττεις
1250 2489 1331 2516 non

77 2532 188 2587 plane
199 2531 320 2587 fignif.
330 2533 488 2585 maetas,
498 2533 661 2589 iugulas,
674 2544 802 2574 tamen
817 2546 888 2587 pro
907 2533 1028 2573 occidis
1042 2532 1156 2582 valet.
1169 2530 1254 2585 Qui
1268 2544 1331 2571 au-
