1764 3419
0 2377 2 2440 ‚

344 224 1132 272 LEcTroNEs„
1257 244 1346 292 359

82 317 136 356 H.
192 318 217 360 l.
238 331 296 369 ¹7·
310 319 374 358 col.
394 331 426 358 1.
442 312 781 373 Διηγιιυλπμένος)
797 313 1077 370 ’ὃιηγηλημένος
1093 308 1179 354 ahte
1202 317 1342 356 editum

83 383 214 422 prave.
241 375 316 410 ead.
333 372 396 412 col.
413 386 444 412 2.
458 373 510 411 Ἐν
523 371 741 426 μασχάλῃ)
754 366 992 423 εὖμασχαλη
1009 370 1060 408 V.
1077 369 1123 408 Et
1137 369 1187 407 fic
1201 370 1341 408 editum

82 435 180 463 ante.
199 424 272 463 lam
288 424 323 464 ἐν
333 440 466 478 μασχ.
482 425 637 464 restitut.
653 437 700 462 ex
716 425 762 463 C.
817 424 905 475 Pag.
921 435 1008 471 217.
1027 423 1051 461 l.
1071 435 1099 460 ι.
1117 421 1239 474 ΚΤΝ.)
1258 424 1345 462 Hoc

82 489 225 516 nomen
240 478 422 529 personae
436 479 629 517 exciderat
642 491 688 516 ex
704 480 734 516 I.
749 478 799 516 H.
811 476 851 515 δι
863 477 915 514 Fl.
931 475 1143 515 Restituere
1155 475 1238 514 edd.
1251 487 1344 515 cett.

83 530 124 569 δι
140 544 256 584 marg.
270 532 321 570 A.
339 546 368 570 1.
419 533 490 570 ead.
507 532 629 580 Μηὲὲ)
646 531 698 580 μὺ
716 531 760 569 Σὲ
775 532 802 568 l.
820 540 861 568 ut
874 528 1031 582 semper.
1047 525 1098 567 Οὐ
1117 529 1161 567 ‹9ss
1173 527 1226 567 O.
1270 532 1344 567 ead.

81 585 134 622 Σέ
147 585 212 631 τε)
231 599 274 623 σε
292 594 438 623 tantum
449 584 500 624 Ο.
533 585 558 622 l.
572 598 605 624 2.
620 583 783 636 Φωκίων)
801 583 916 622 Deest
929 584 965 621 in
978 582 1030 622 Ο.
1058 583 1082 621 l.
1095 581 1132 621 8.
1154 583 1346 633 marroc)

83 636 143 676 Ex
160 638 306 676 emend.
321 638 460 678 Solani.
479 639 649 677 Μέλητος
664 638 747 676 edd.
765 637 921 689 priores.
949 636 970 674 l.
994 650 1052 684 14.
1066 637 1128 675 col.
1149 650 1178 675 ι.
1194 637 1344 688 Σφηξὶ)

87 690 245 745 {mn-72}
261 703 370 731 antea
384 691 491 730 male.
505 692 576 730 Sed
590 691 780 729 correfflo
792 690 912 729 facilis
925 689 987 728 vel
1003 689 1078 728 sme
1094 689 1191 729 Cod.
1245 690 1268 728 l.
1288 703 1301 727 1
1313 705 1344 741 ς.

83 745 146 782 col.
163 758 196 782 2.
212 743 513 795 Ἐπιμελούμενοι
526 745 542 797 )
557 744 617 783 Sic
634 744 752 783 exstat
766 745 806 782 in
831 743 932 783 Coll.
950 743 995 781 G.
1013 743 1150 796 Quare
1170 742 1219 782 fic
1238 743 1318 781 dedi
1333 773 1345 791 ‚

84 809 172 835 cum
196 798 278 836 edd.
303 798 592 847 ἐπικαλούμενοι
614 798 805 836 haberent.
823 799 942 835 Solam.
997 797 1021 835 l.
1042 796 1100 835 16.
1117 798 1178 835 col.
1200 811 1230 834 1.
1249 801 1347 835 Καλ-

82 850 184 903 λίου)
202 851 349 889 Καλλία
361 851 444 890 edd.
459 852 564 903 quod
576 850 683 890 facile
697 852 810 889 etiam
824 850 1071 889 mutavimus.
1117 851 1141 888 l.
1160 850 1217 887 28.
1232 851 1295 888 col.
1314 864 1348 890 2.

73 903 274 957 Θανάτῳ)
291 904 532 954 θαυμαστῶς
553 905 635 944 edd.
660 902 798 943 Θαυαῖ.
815 904 866 942 V.
888 917 934 943 ex
951 915 1035 956 quo
1048 915 1126 942 non
1143 903 1346 942 difficulter

85 957 246 1006 θανάτῳ
261 958 420 1003 efficias,
445 959 549 1010 quod
565 958 618 997 est
632 957 668 996 in
680 957 731 996 (Ξ.
751 957 872 996 Solon.
919 958 997 995 ibid.
1012 957 1036 996 l.
1051 970 1111 995 21.
1126 952 1268 1008 Αὐτῶν)
1285 953 1349 995 αὖ·

76 1015 146 1049 ’τον
172 1009 366 1062 legebatur
386 1022 484 1052 ante.
504 1012 675 1051 Mutavit
688 1010 816 1050 Solan.
871 1011 949 1049 ibid.
962 1012 984 1049 l.
1002 1023 1062 1061 25.
1082 1012 1173 1061 Πρὸς
1195 1005 1345 1062 αὐτοῦ)

81 1063 167 1115 Ego
188 1064 436 1104 conficiebam
452 1066 541 1117 παρ’
561 1060 680 1104 αὐτοῦ
691 1095 701 1109 ,
717 1065 773 1103 uti
786 1063 965 1116 reperisse
976 1063 1012 1103 se
1029 1065 1065 1103 in
1083 1062 1151 1101 Ms.
1175 1064 1273 1103 Cod.
1288 1073 1345 1102 te-

81 1116 198 1156 statur
212 1118 308 1157 Exc.
329 1121 375 1158 G.
393 1119 464 1158 Sed
480 1118 580 1158 reste
591 1120 684 1170 προς
696 1114 814 1156 αὐτοῦ
828 1117 873 1157 C.
891 1121 982 1168 Προς
996 1113 1132 1156 αὐτοὺς
1146 1118 1198 1156 V.
1212 1129 1343 1168 prave.

83 1172 206 1210 Solan.
260 1171 351 1223 Pag.
370 1171 456 1210 218.
473 1173 498 1211 l.
516 1187 546 1211 1.
559 1171 664 1223 ’Ὑμῖν
679 1170 696 1223 )
715 1171 832 1210 Deest
850 1171 886 1209 in
903 1172 956 1209 Fl.
999 1172 1023 1210 l.
1039 1186 1073 1210 2.
1092 1171 1311 1223 Ἀγομένους
1327 1170 1344 1222 )

82 1223 330 1278 ἀγχομένους
350 1225 449 1264 male
468 1227 498 1265 Ι.
521 1225 610 1265 sola.
668 1226 692 1264 l.
713 1238 726 1263 1
741 1239 770 1263 ι.
791 1223 1044 1275 Διαβιώσοος)
1063 1224 1232 1267 ὃιαβιοὺς
1251 1224 1344 1263 Exc.

83 1278 140 1316 Η.
154 1280 294 1318 Βιὼσας
308 1277 347 1317 Ρ.
389 1280 413 1318 l.
430 1293 488 1318 12.
503 1279 621 1317 Ἀλλὰ
631 1278 704 1330 μῖι)
721 1276 869 1328 μᾶλλον
893 1278 910 1317 ῐί
927 1279 957 1316 I.
973 1277 1061 1316 sola.
1109 1277 1132 1315 l.
1152 1278 1210 1315 16.
1227 1278 1288 1315 col.
1307 1290 1342 1317 2.

82 1330 258 1384 Ἐὃάφεὴ
277 1332 405 1383 ἑὲάφη
419 1333 504 1372 edit.
519 1332 627 1372 male.
660 1333 749 1383 Pag.
763 1346 784 1370 2
795 1345 850 1384 ¹9.
862 1331 886 1368 l.
898 1345 934 1379 7.
949 1331 1009 1369 Δι’
1019 1325 1157 1383 αὖτον)
1170 1331 1204 1368 Ν
1210 1330 1232 1368 il
1247 1342 1341 1369 mur.

81 1385 165 1425 edd.
183 1398 252 1424 nec
265 1385 304 1424 P.
319 1387 492 1426 Κὰκεῑνον
506 1388 560 1425 FI.
578 1385 749 1425 Κακεῖνον
767 1385 808 1424 δι
824 1384 972 1424 κάκεῖνο
987 1384 1112 1424 Schol.
1159 1385 1182 1423 l.
1200 1397 1257 1432 17.
1278 1391 1349 1422 Ae-

82 1439 210 1492 καιοῑ)
225 1438 371 1478 <masau
385 1440 441 1479 Fl.
469 1440 494 1478 l.
512 1440 568 1478 18.
582 1439 774 1484 Κακεῖνον)
789 1437 850 1478 Sic
861 1439 974 1477 etiam
987 1439 1126 1491 legitur
1140 1438 1175 1476 in
1192 1438 1237 1477 C.
1251 1439 1291 1477 δι
1306 1438 1345 1476 in

80 1491 240 1531 Scholio
254 1492 351 1532 Cod.
368 1493 437 1532 Ms.
451 1494 502 1532 V.
517 1493 727 1546 utriusque.
740 1492 860 1532 Solan.
888 1492 980 1544 Pag.
996 1506 1082 1531 220.
1093 1492 1117 1530 l.
1139 1505 1151 1528 ι
1162 1504 1195 1529 2.
1213 1486 1343 1543 Αὐτῷ)

85 1541 179 1584 αὐτὸ
196 1547 264 1586 Ex.
280 1546 336 1585 Fl.
349 1547 561 1599 Vulgatum
579 1557 710 1586 tuetur
724 1545 762 1585 P.
792 1547 883 1598 Pag.
897 1559 982 1584 221.
998 1547 1021 1584 l.
1038 1545 1270 1597 7.”Ἀμοιρον)
1284 1545 1345 1584 Sic

81 1598 125 1638 P.
149 1601 193 1640 P.
221 1600 386 1652 Εὔμοιρον
413 1612 501 1639 cett.
527 1614 615 1640 cum
636 1601 688 1638 H.
774 1600 798 1640 l.
827 1614 863 1652 9.
891 1595 1012 1639 Αὕται
1027 1600 1048 1649 ),
1066 1601 1179 1639 Anne
1203 1593 1347 1647 αὐταῖς

82 1652 173 1706 Pag.
188 1667 276 1694 222.
291 1654 318 1693 l.
331 1668 365 1694 2.
380 1655 472 1703 moa)
488 1653 604 1695 Deest
623 1655 661 1693 in
683 1654 740 1693 Ft.

200 1844 284 1888 IN
338 1845 625 1892 IOVEM
679 1842 1235 1890 TRAGOEDUM.

151 1923 241 1973 Pag.
260 1937 346 1978 223.
365 1924 390 1964 l.
411 1939 444 1964 2.
464 1924 643 1977 Σύννους)
659 1923 806 1964 σύννοες
822 1924 866 1963 P.
881 1923 960 1963 sola
975 1923 1083 1962 male.
1131 1926 1204 1961 ead.
1222 1927 1348 1960 Κατα·

82 1966 230 2030 μόνας)
246 1978 311 2017 καὶ
328 1979 564 2029 καταμόνας
580 1979 664 2017 edd.
680 1978 752 2017 Sed
766 1977 904 2016 reffius
919 1978 982 2016 καὶ
998 1976 1097 2016 abest
1112 1977 1147 2014 in
1163 1976 1215 2015 O.
1271 1976 1293 2013 l.
1311 1991 1347 2023 4.

84 2034 163 2081 Me)
180 2030 227 2070 Et
246 2032 320 2071 hoc
335 2031 458 2070 omifit
474 2032 526 2071 O.
553 2032 576 2071 l.
592 2031 627 2070 8.
645 2031 817 2082 Ειὲομεν)
835 2031 992 2077 εϊῶωμεν
1015 2030 1111 2069 male
1131 2031 1158 2068 I.
1183 2032 1224 2067 V.
1241 2044 1275 2068 2.
1291 2031 1350 2068 Fr.

85 2086 142 2124 At
156 2086 261 2136 prius
278 2086 378 2126 τεέὶε
393 2087 446 2124 Fl.
460 2087 507 2125 B.
525 2099 554 2124 1.
573 2086 615 2124 Ρ.
634 2087 672 2124 S.
701 2086 725 2123 l.
743 2098 801 2124 10.
818 2085 891 2137 Τέ)
905 2084 951 2124 se‘
965 2084 1014 2124 G.
1043 2086 1116 2122 ead.
1135 2083 1214 2135 Σε)
1236 2097 1301 2121 σου
1318 2084 1351 2130 l.

85 2139 128 2178 δε
142 2151 260 2192 marg.
273 2140 324 2178 A.
341 2154 355 2178 1
377 2143 431 2178 W.
483 2140 507 2179 l.
524 2153 581 2192 13.
594 2141 655 2178 col.
672 2153 704 2177 2.
717 2139 931 2191 Tpaytnc'55)
949 2138 1008 2177 Sic
1023 2138 1124 2176 dedit
1137 2137 1262 2175 Solan.
1278 2148 1352 2188 pro

85 2192 249 2245 vulgato
263 2191 469 2247 τραγικῶν.
485 2193 623 2232 Nescio
641 2205 786 2243 quare,
801 2203 867 2230 aut
883 2192 992 2231 unde.
1009 2191 1281 2230 Obsecundavi
1298 2202 1353 2228 ta-

87 2258 175 2284 men
185 2275 194 2291 ‚
210 2246 300 2298 quia
313 2247 399 2286 talia
415 2259 492 2285 non
504 2247 582 2286 fine
600 2246 807 2286 collatione
818 2244 974 2285 Codicis
988 2255 1135 2283 mutare
1148 2244 1260 2283 ausus
1273 2242 1353 2282 fue-

87 2300 159 2345 rit,
179 2312 279 2351 quae
293 2299 377 2340 satis
390 2301 603 2339 tolerabilia
615 2311 733 2339 erant.
755 2301 863 2351 Reitz.
907 2302 979 2337 ead.
997 2299 1276 2351 Διαλὲγονται)
1295 2297 1352 2335 Ex

87 2352 134 2391 C.
151 2353 201 2393 fic
215 2355 473 2393 emendatum.
494 2354 735 2407 Διαλέγεται
761 2354 863 2391 enim
889 2352 973 2391 edd.
989 2353 1092 2405 quod
1112 2352 1196 2390 licet
1218 2351 1357 2390 tolera-

90 2406 166 2445 bile
178 2437 189 2452 ,
205 2406 366 2448 alterum
385 2419 510 2447 tamen
529 2407 674 2446 melius.
689 2408 798 2459 Reitz.
828 2407 854 2444 l.
874 2421 887 2445 1
901 2420 930 2459 5.
943 2407 1005 2445 col.
1020 2419 1050 2445 1.
1065 2403 1286 2458 prycpsbv)
1299 2404 1354 2442 Ita

90 2460 189 2499 dedit
202 2461 329 2500 Solan.
351 2474 441 2501 cum
459 2461 583 2513 vulgo
600 2460 790 2522 legeretur
810 2461 1006 2513 τραγικόν.
1063 2460 1152 2510 Pag.
1170 2472 1258 2506 224.
1279 2458 1301 2494 ι’.
1321 2470 1356 2495 2.

74 2504 148 2553 ’Ἧς
169 2509 234 2554 οὐκ,
254 2514 364 2565 &c.)
386 2514 425 2556 ἣν
455 2511 519 2555 οὐκ
541 2514 749 2566 ἰαμβείοισι
771 2511 1181 2604 vvepwocu'senazinserit
1196 2510 1247 2551 O.
1268 2520 1355 2549 ante

1086 2581 1110 2614 4
