1764 3419
476 235 535 283 34
716 213 1474 262 LUCIANUS

472 309 711 383 μορῢῶσ-ειν
739 333 837 380 προς
866 331 1012 363 αυτον,
1041 309 1095 365 ὡς
1121 332 1164 359 το
1191 307 1270 379 ὄρος
1298 306 1420 359 ἅπαν
1448 307 1585 360 εἱκόνα
1610 329 1730 372 γενε-

472 387 590 440 σθαι
611 411 679 438 του
655 380 996 448 βασιλέως,
972 406 1160 468 εχοντα
1147 382 1212 434 δυο
1234 396 1378 440 πόλεις
1400 386 1435 434 ὲν
1456 386 1547 435 ταῖν
1573 406 1729 473 χερσιν,

472 488 517 515 ου
537 483 776 533 πρασηιιατο
796 484 864 520 την
880 465 1090 529 τερατείαν
1108 483 1178 518 της
1191 479 1485 521 υπσσχεσεως,
1500 462 1611 510 ἀλλ’
1624 452 1727 527 ὑπερ

473 543 595 590 αὐτον
618 536 883 603 ἡγησάμενος
904 559 948 585 το
969 531 1200 604 τολμημα,
1229 556 1392 586 mave-e
1415 557 1478 585 τον
1476 534 1726 628 ἄνθρωπον,

474 618 517 666 οὐ
546 611 726 668 πιᾶανως
753 608 1002 667 Κολοσσους
1030 611 1392 664 ἀναπλάττοντα,
1421 631 1497 659 και
1522 633 1585 661 τον
1605 601 1725 662 ''Aem

470 710 594 774 κατα
623 685 765 757 χώραν
791 684 862 756 ὲᾷν
889 682 1106 740 ἐκέλευσε,
1132 677 1241 754 μηδε
1271 707 1620 775 κατασμικρυνειν
1647 683 1727 774 οἵους

472 762 575 814 ου’τω
595 784 723 832 μεγα
750 785 848 833 προς
872 784 1019 832 μικρου
1041 783 1245 829 σωματος
1267 759 1497 828 ὁμοιότητα.
1526 753 1658 827 ἒπῃνει
1681 751 1728 813 δε

471 863 533 891 τον
552 836 884 923 Αλέξανδρον
831 862 900 897 της
911 835 1264 906 μεγαλοψυχίας
1275 874 1285 890 ,
1301 859 1378 887 και
1398 820 1617 908 ανδρίαντα
1633 840 1728 905 μεί-

472 918 526 978 ξω
543 937 675 965 τουτον
694 937 763 964 του
771 903 929 964 Adeo
905 926 1053 976 ελεγεν
1068 912 1194 963 αὐτου
1213 933 1439 963 ανεσ-ταναι
1451 949 1462 966 ,
1480 933 1515 963 εν
1533 915 1628 969 ταῖς
1646 934 1726 964 των

469 988 534 1041 ἀει
565 985 880 1058 μεμνησομένων
900 989 1107 1044 διανοίαις
1137 991 1179 1038 οὐ
1201 1009 1292 1055 ’γαρ
1311 1010 1468 1057 μικρας
1496 986 1594 1039 εἶναι
1616 1009 1728 1052 ‘ym-

389 1085 446 1124 10
469 1089 551 1151 μης
570 1065 760 1136 ὑπεριδειν
782 1062 884 1115 οὕτω
902 1063 1141 1135 παραδόξου
1163 1086 1296 1131 τιμης.
1322 1063 1447 1114 Και
1435 1085 1577 1124 εαυτην
1597 1069 1660 1115 οὑν
1679 1085 1728 1114 το

468 1163 545 1211 μεν
563 1154 766 1208 πλασμα
787 1163 858 1190 σου
876 1141 1071 1194 ὲπαινειν,
1087 1163 1163 1190 και
1182 1163 1248 1199 την
1269 1141 1444 1190 ἐπίνοιαν
1456 1163 1533 1191 των
1554 1138 1727 1194 εἰκονων,

469 1242 530 1287 μη
551 1220 749 1321 γνωρίζειν
771 1208 875 1267 δε
834 1240 899 1276 την
918 1215 1151 1305 ὁμοιοτητα·
1173 1238 1232 1283 μη
1259 1237 1349 1281 γαρ
1380 1223 1478 1266 εἶναι
1500 1238 1578 1266 των
1604 1227 1728 1275 τηλι-

436 1349 440 1352 ,
469 1316 622 1344 κσυτων
641 1297 787 1354 αξίαν,
809 1284 916 1382 μηδε
935 1289 1093 1355 ἐγγυς,
1112 1290 1171 1341 ὁτι
1189 1283 1292 1360 μηδε
1314 1290 1456 1349 ἀλλην
1471 1300 1565 1342 τινα
1578 1312 1726 1355 γυναι-
1763 1333 1764 1345 r

467 1381 531 1420 κα
550 1391 604 1432 ’γε
634 1383 773 1420 ουσαν
803 1389 911 1419 ωστε
937 1372 1100 1428 αὒιησί
1126 1389 1190 1418 σοι
1219 1390 1368 1426 ταυτην
1393 1391 1461 1427 την
1482 1390 1632 1454 τιμην,
1646 1389 1725 1422 και

468 1467 682 1516 προσκυνει
706 1467 781 1504 σου
805 1467 864 1495 τα
882 1440 1113 1515 αρχέτυπα
1135 1443 1498 1514 παραδειγματα.
1522 1465 1577 1493 συ
1596 1433 1640 1494 δε
1664 1464 1728 1494 τα

466 1580 512 1620 ad
531 1579 644 1632 ipsius
661 1579 902 1633 exemplum,
923 1591 964 1618 ut
985 1577 1184 1618 universus
1207 1591 1320 1618 mons
1340 1577 1461 1617 statua
1479 1576 1589 1617 fieret
1606 1576 1727 1630 regis,

464 1642 559 1681 duas
583 1641 758 1680 manibus
774 1640 885 1680 urbes
908 1651 1062 1687 tenens;
1086 1652 1165 1678 non
1185 1637 1331 1678 admisit
1352 1637 1617 1692 portentosum
1637 1651 1726 1692 pro-

463 1701 638 1748 miffum,
662 1701 723 1740 sed
748 1699 860 1753 supra
885 1699 921 1740 se
950 1699 1153 1740 arbitratus
1178 1699 1361 1740 audacem
1384 1711 1593 1746 conatum,
1616 1699 1726 1752 quie-¹

462 1761 566 1802 scere
581 1761 776 1802 hominem
792 1760 892 1800 iussit
905 1791 919 1807 ,
941 1759 1118 1801 Coloffos
1135 1773 1270 1814 parum
1289 1760 1525 1818 probabilier
1543 1760 1723 1814 effingens

462 1835 540 1863 tem
554 1855 565 1871 ‚
590 1823 630 1863 &
646 1837 687 1863 ut
702 1822 770 1862 suo
785 1822 875 1862 loco
890 1822 1120 1875 relinqueret
1133 1821 1269 1862 Athon
1290 1823 1514 1875 imperavit,
1530 1835 1599 1863 nec
1615 1835 1726 1863 mon·

463 1897 540 1925 tem
564 1887 617 1925 ita
640 1899 822 1938 magnum
846 1885 891 1924 ad
917 1885 1027 1938 parvi
1049 1885 1222 1938 corporis
1248 1883 1523 1925 similitudinem
1547 1895 1724 1925 attenua·

462 1958 533 1987 ret.
554 1948 749 1987 Laudabat
772 1960 868 1987 vero
891 1946 994 1986 illam
1010 1946 1217 1987 Alexandri
1233 1947 1604 2001 magnanimitatem,
1621 1936 1725 1991 eamq

462 2023 539 2062 que
554 2011 738 2050 maiorem
763 2008 843 2062 ipso
858 2001 965 2048 Atho
988 2008 1149 2048 statuam
1170 2008 1236 2048 fibi
1259 2007 1420 2062 posuiss'e
1439 2009 1584 2058 aiebat,
1600 2009 1637 2048 in
1653 2022 1723 2049 eo-

462 2084 571 2122 rum,
585 2072 652 2124 qui
672 2070 818 2124 semper
837 2070 939 2110 illius
953 2071 1190 2111 recordaturi
1209 2071 1346 2121 essent,
1362 2073 1561 2112 mentibus.
1583 2071 1722 2125 Neque

461 2133 563 2172 enim
587 2133 696 2186 parvi
717 2133 836 2172 animi
860 2132 958 2179 effe,
984 2133 1249 2173 incredibiliter
1267 2147 1455 2188 magnum
1475 2133 1573 2175 adeo
1595 2133 1722 2173 hono-

461 2208 542 2235 rem
570 2194 768 2248 despicere.
806 2194 853 2234 Se
878 2207 1035 2248 quoque
1062 2193 1179 2248 ipsam
1206 2195 1320 2248 igitur
1342 2206 1605 2235 commentum
1627 2192 1721 2234 illud

459 2270 572 2298 tuum
593 2258 769 2305 laudare,
800 2257 840 2298 δι
859 2259 1094 2311 excogitatas
1115 2259 1323 2311 imagines;
1346 2257 1628 2297 similitudinem
1652 2269 1720 2297 au·

459 2329 538 2358 tem
562 2331 641 2358 non
665 2317 887 2372 agnoscere:
915 2331 1041 2372 neque
1068 2319 1169 2358 enim
1191 2318 1260 2357 illis
1281 2316 1344 2366 se,
1375 2330 1419 2358 ac
1442 2329 1489 2357 ne
1513 2329 1722 2371 propemo-

458 2378 551 2425 dum
574 2379 750 2432 quidem,
774 2379 921 2431 dignam
934 2409 947 2426 ,
965 2379 1059 2432 quin
1082 2392 1206 2432 neque
1226 2378 1362 2425 aliam,
1385 2391 1484 2432 quae
1504 2378 1656 2432 quidem
1674 2377 1720 2418 fit

460 2442 605 2481 mulier.
624 2442 755 2496 Iraque
779 2444 938 2483 remittit
959 2443 1027 2482 tibi
1052 2444 1153 2484 hunc
1173 2444 1392 2490 honorem,
1412 2443 1621 2496 adoratque
1641 2443 1721 2495 pri·

459 2503 624 2556 migenia
643 2504 705 2544 illa
727 2515 794 2545 tua
813 2504 999 2559 exempla.
1021 2505 1087 2546 Tu
1104 2517 1202 2549 vero
1218 2505 1402 2546 humanas
1417 2503 1496 2544 illas
1513 2501 1629 2558 ipfius
1643 2502 1720 2545 vir·
