1764 3419
445 244 533 306 5&
639 237 1507 286 ANNOTATIONES

437 327 618 382 strop‘hen
633 327 763 381 (πέρι)
778 327 903 366 habet.
925 325 987 366 Est
1002 338 1098 379 ergo
1113 326 1364 380 χαλκῡυργὲὖν
1391 323 1466 367 ὕπο
1487 328 1700 380 παττοὺμες

439 396 511 432 νος,
526 398 599 422 cum
615 398 637 420 a
647 382 760 433 fizbris
777 382 913 420 aerariis
921 380 992 433 pice
1004 380 1128 419 linerer.
1142 379 1325 419 Ceterum
1351 379 1435 420 sunt
1449 394 1584 422 omnes
1601 384 1698 422 iam·

438 435 502 484 bi,
519 449 618 488 quos
633 435 771 475 Noster
788 434 848 473 vel
871 446 919 473 ex
937 434 1106 486 Tragico
1120 433 1252 486 aliquo
1266 433 1440 473 desumfit
1461 447 1620 482 omnes,
1635 437 1699 477 vel

407 484 411 491 ‘
439 489 707 542 interpolavit3
736 487 914 541 qualibus
939 487 1245 538 ‘tragoediarum
1273 487 1517 541 aliorumque
1539 491 1699 541 poema-

439 555 523 582 tum
541 543 770 582 centonibus
786 541 847 580 hic
865 540 1012 579 libellus
1026 540 1079 579 est
1093 540 1238 592 plenus.
1260 540 1480 593 Respondet
1498 555 1700 595 propterea

439 597 631 648 Iuppiter,
651 594 692 633 δι
718 596 824 634 initio
845 594 970 633 ultimi
992 592 1124 633 versus
1147 594 1390 645 interpellans
1410 596 1696 648 Hermagoran,

442 651 508 697 ait,
523 650 658 692 Παὺου,
677 642 704 686 (ἶ
717 647 857 701 Ἕρμου)
865 647 925 699 ὄρει
944 647 1136 693 βέλτιστε,
1149 646 1466 700 τραγςι-ὃούμενος.
1483 649 1703 702 Legendum
1762 645 1764 651 ¹

438 715 597 754 quoque
611 701 760 751 μιμηλῇ
774 703 895 753 τέχνῃ
908 729 917 746 ,
934 699 1056 740 εἰεξὶο
1068 701 1232 739 articulo
1247 700 1296 749 τῇ
1309 731 1321 749 ,
1334 701 1381 740 ab
1399 714 1476 741 non
1494 703 1703 756 intelligen-

438 766 478 795 te
493 769 563 795 nec
578 757 817 801 advertente,
838 766 980 793 temere
999 753 1206 794 inculcato.
1223 753 1365 794 Versus
1378 766 1504 795 autem
1525 756 1576 795 ita
1598 757 1701 796 ordi-

440 822 490 848 ne
513 809 703 862 ponendi,
727 808 801 862 (ut
818 808 891 846 iam
916 808 953 845 in
968 819 1074 846 textu
1089 807 1322 847 curavimus.
1342 807 1359 861 )
1377 808 1482 850 ltus.
1506 808 1625 849 lambi
1649 809 1703 850 se·

441 875 545 916 ptem
564 862 615 902 fic
631 861 879 915 distinguendi
903 862 975 900 &e
1001 862 1130 912 Guyet.
1145 861 1288 901 Eodem
1311 862 1429 902 modo
1438 862 1627 914 Guyerus
1644 864 1701 904 di-

441 916 592 963 stinxit,
613 927 655 955 ut
671 915 822 955 Ienfius.
837 914 940 954 Idem
962 913 1106 955 fecerat
1126 915 1162 954 la
1174 915 1324 963 Croze;
1342 928 1460 968 quare
1473 917 1604 956 eadem
1617 918 1696 958 iam

437 983 522 1010 non
538 982 717 1023 repetam.
732 969 877 1008 Rm’rz.

495 1025 575 1062 ibid.
599 1022 847 1076 Xumovpyffiv
861 1018 935 1060 {loro
950 1020 1066 1075 Πιτ.)
1084 1021 1185 1062 Vide
1197 1021 1292 1062 lens.
1309 1021 1468 1063 Parodia
1475 1022 1533 1064 est
1547 1022 1700 1079 Euripi-

444 1078 499 1117 dis
518 1077 644 1118 Orest.
658 1076 734 1124 867
749 1077 790 1116 δι
809 1076 897 1125 872.
911 1075 1070 1115 SOLAN.

496 1134 570 1171 ead.
582 1132 604 1169 l.
624 1144 681 1179 14.
694 1130 915 1183 Στείχσντα
927 1128 944 1181 )
956 1129 1040 1169 Cur
1056 1127 1150 1169 lens.
1164 1128 1261 1169 dicat
1273 1130 1490 1182 στείχοντα
1500 1129 1538 1170 in
1550 1133 1704 1172 Salmur.

443 1185 502 1224 ed.
527 1183 667 1232 deeffe,
689 1183 835 1231 nesci03
854 1195 941 1222 nam
963 1182 1127 1222 omnino
1149 1182 1249 1222 adest
1271 1184 1313 1221 in
1335 1183 1421 1229 illa,
1448 1197 1569 1238 aeque
1593 1198 1637 1226 ac
1661 1187 1701 1226 in

445 1239 555 1291 Amfl.
576 1238 622 1277 B.
636 1251 669 1276 1.
684 1236 901 1290 ceterisque.
915 1237 1017 1276 Alias
1029 1236 1244 1290 στείχοντα
1255 1249 1336 1276 non
1350 1235 1473 1289 fignif.
1487 1240 1701 1278 tumultuan-

438 1299 527 1338 tem,
545 1291 605 1332 sed
625 1303 774 1338 euntem,
791 1291 911 1329 immo
925 1291 1038 1329 ordine
1055 1290 1126 1335 ire,
1146 1290 1245 1329 unde
1265 1290 1407 1344 στίχες
1430 1291 1505 1331 &vs
1524 1291 1581 1341 ὧν,
1602 1294 1704 1333 ordi-

445 1358 512 1385 nes
526 1345 689 1387 militum
714 1346 753 1384 in
776 1345 856 1384 acie
875 1342 1050 1383 stantium
1065 1372 1077 1389 ,
1095 1344 1272 1383 Homero
1287 1342 1479 1396 frequens.
1517 1357 1595 1386 tem
1619 1347 1704 1387 στί-

447 1414 537 1453 χος,
556 1399 656 1438 unde
677 1398 872 1438 distichon.
893 1398 1012 1437 Hom.
1032 1395 1111 1436 Od.
1133 1403 1169 1443 Ι,
1184 1397 1273 1446 418.
1293 1396 1356 1436 De
1371 1397 1576 1453 Cyclope:
1594 1401 1705 1440 Εἴτε-

446 1460 492 1491 v'oe
513 1467 586 1491 που
600 1454 696 1503 ’μετ’
719 1452 823 1491 ’dem
847 1450 954 1494 λάβοι
979 1451 1195 1504 στείχοντα
1222 1450 1364 1502 θύραζε.
1390 1453 1431 1490 Si
1454 1467 1521 1506 qua
1539 1456 1701 1507 quendam

442 1507 636 1558 prehendere
650 1504 751 1558 poffi't
769 1520 842 1544 cum
863 1505 981 1544 ovibus
991 1503 1094 1555 fhras
1109 1516 1290 1544 exeuntem.
1311 1504 1381 1544 Sed
1398 1518 1491 1545 >cum
1501 1506 1626 1561 ’ὄχλον
1640 1509 1705 1547 ad-

447 1559 572 1606 datur,
585 1561 721 1599 eodem
739 1559 820 1599 iure
833 1570 962 1598 vertas
970 1559 1228 1598 tumuituantem
1242 1588 1255 1604 ,
1279 1571 1361 1610 quo
1373 1572 1544 1600 exeuntem
1554 1590 1566 1606 ,
1584 1574 1705 1614 quan·

444 1613 500 1653 do
514 1613 645 1665 ,θύραζε
667 1613 824 1653 additur.
841 1612 1028 1652 Ceterum
1044 1612 1084 1651 &
1105 1611 1236 1663 στίχω
1259 1612 1421 1652 inveniri
1446 1613 1486 1653 in
1500 1615 1616 1668 praes.
1630 1628 1704 1668 pro

448 1669 599 1721 στείχω
613 1698 626 1714 ,
649 1679 728 1706 non
749 1677 916 1721 repetam
930 1678 980 1706 ex
992 1665 1022 1706 1.
1036 1666 1180 1706 Horrei
1188 1664 1538 1709 observationibus
1553 1667 1706 1711 Criticis

444 1733 535 1774 pag.
555 1720 773 1775 13.·RE1TZ.

502 1776 592 1829 Pag.
606 1776 691 1828 265.
705 1775 728 1814 I.
748 1788 778 1814 ι.
795 1771 923 1825 Δάμιν
936 1788 982 1813 τε
995 1772 1258 1824 κιὶγῐαιμβικῆ
1272 1772 1449 1814 hordia.
1461 1774 1630 1817 GUYET.

502 1833 579 1868 ead.
594 1829 616 1868 l.
633 1843 667 1868 2.
677 1827 904 1883 Ἑρμαγόρα)
917 1828 990 1868 Hic
1006 1826 1132 1880 Ἑρμῆς
1154 1826 1329 1880 ἀγοραῖος
1346 1827 1582 1870 scribendum
1598 1830 1705 1871 vide-

446 1892 522 1922 tur.
543 1882 714 1923 GUYET.

503 1937 584 1976 ibid.
596 1935 826 1990 prycpffiv)
850 1935 894 1975 In
914 1935 954 1975 P.
971 1935 1011 1976 &
1027 1936 1070 1976 L.
1093 1935 1206 1976 etiam
1229 1933 1418 1988 ίαιμβίζων.
1431 1936 1504 1978 Sed
1516 1936 1610 1978 nihil
1623 1950 1706 1979 mu-

447 1999 535 2030 tato
549 2003 648 2043 opus
658 1990 723 2030 est.
737 1991 894 2030 Soun.
1666 2036 1690 2047 ,-

505 2047 578 2083 ead.
599 2044 624 2083 l.
637 2058 674 2095 7.
687 2045 731 2083 Τί
744 2039 803 2083 οὖν
824 2043 915 2091 ἔτι)
941 2042 1139 2091 §enan-im,
1163 2041 1224 2082 sed
1248 2043 1299 2084 ita
1319 2042 1562 2085 scribendus:
1585 2045 1630 2085 Τί
1644 2047 1706 2086 οὖν

449 2096 570 2138 ποιεῖν
584 2096 642 2137 ἔτι
655 2097 728 2152 χρὴ
743 2100 890 2143 ama-bv,
909 2091 935 2136 {23
946 2098 1035 2136 θεοί.
1046 2096 1116 2137 Gu
1122 2107 1216 2137 rar.
1230 2096 1365 2138 Facilis
1376 2098 1415 2138 δι
1430 2097 1542 2151 plana
1552 2099 1705 2140 videtur

451 2151 670 2192 emendatio
691 2151 840 2203 Guyeti
862 2149 1012 2190 versum
1034 2150 1230 2191 restituere
1247 2152 1442 2192 conantis:
1459 2153 1630 2193 nondum
1648 2164 1707 2193 ta·

453 2219 542 2245 men
564 2205 614 2245 sxc
634 2205 694 2246 edi
718 2218 840 2254 curo·‚
859 2205 948 2258 quia
963 2217 1042 2244 non
1067 2215 1214 2244 certum
1232 2204 1304 2252 est,
1317 2204 1469 2247 versum
1491 2205 1613 2260 ipsum
1629 2219 1704 2247 vo·

451 2259 558 2300 luiffe
571 2258 744 2313 proferre
763 2259 973 2299 Lucianum
985 2287 996 2306 ‚
1015 2270 1063 2296 an
1085 2259 1335 2299 imitationem
1348 2270 1522 2308 tantum;
1540 2270 1622 2300 mm
1635 2273 1707 2301 ve-

452 2325 500 2352 ro
513 2343 526 2360 ,
546 2313 634 2365 quia
654 2313 840 2365 Guyetus
852 2323 986 2364 quarta
1007 2310 1091 2351 sede
1107 2311 1314 2366 spondeum
1334 2313 1525 2367 relinquit.
1546 2313 1632 2354 Alia
1647 2326 1707 2355 res

453 2365 507 2406 est
520 2398 531 2416 ,
550 2367 637 2407 dico
654 2368 790 2407 iterum
803 2397 817 2414 ‚
840 2367 904 2406 ubi
923 2379 970 2406 ex
985 2366 1155 2418 pluribus
1172 2366 1343 2407 versxbus
1355 2366 1457 2421 seqq.
1471 2367 1614 2420 liquet,
1627 2367 1705 2408 Lu-

453 2421 604 2461 cianum
618 2422 786 2461 carmina
802 2419 990 2474 proferre,
1010 2421 1117 2472 quod
1129 2433 1177 2460 ex
1191 2433 1273 2460 uno
1286 2421 1333 2460 ad
1345 2420 1437 2461 usus
1449 2419 1538 2460 suos
1550 2421 1706 2463 detorto

453 2474 642 2515 verficulo
656 2488 735 2515 non
751 2473 920 2522 constat;
934 2474 1096 2526 ideoque
1107 2474 1216 2516 nimis
1228 2474 1386 2529 diligens
1398 2476 1438 2516 in
1447 2487 1530 2517 uno
1543 2473 1708 2521 eiusmoe

452 2529 490 2569 di
506 2528 738 2573 restituendo
747 2528 820 2570 effe
833 2527 963 2572 nolim.
977 2526 1126 2571 Rzrrz.
