1764 3419
427 235 514 300 588
619 235 1480 284 ANNOTATIONES

421 323 520 362 diarii
542 323 584 370 1,
604 337 664 373 17,
682 324 744 370 16,
757 324 845 364 dum
862 324 953 363 haec
967 324 1100 369 verba,
1121 325 1352 364 συντίθενται
1366 325 1569 376 φθάσαντι
1583 325 1678 378 394⁴

423 392 563 418 σαντες
577 379 595 418 ii
607 377 755 425 παθεῖν,
780 378 918 418 reddit:
938 378 1150 429 constituunt,
1164 389 1227 416 aut
1231 377 1424 428 finiendum
1427 380 1494 430 fibi
1504 381 1674 432 quampri-

423 444 535 477 mum,
559 444 620 471 aut
630 432 824 483 patiendum
835 431 974 482 aliquid.
1000 429 1102 470 Cum
1117 430 1288 470 deberet:
1311 433 1521 484 Constituunt
1542 433 1676 485 aliquid

423 487 544 523 audere
555 486 684 537 potius,
711 500 810 537 quam
820 486 909 534 pati,
932 483 1026 531 five,
1046 484 1233 522 maluerunt
1239 487 1444 536 praevenire,
1466 501 1566 537 quam
1573 501 1674 537 prae·

425 539 552 584 veniri;
572 537 738 589 sequitur
751 539 853 576 enim
864 567 874 582 ‚
889 550 958 576 eos
970 536 1230 576 Commodum
1247 550 1400 578 veneno
1416 538 1605 584 sustulisse,
1627 551 1675 579 ne

423 591 493 642 ipsi
510 602 670 629 mortem
686 590 868 639 subirent,
881 603 994 642 quam
1011 591 1039 629 is
1052 590 1275 631 minabatur.
1290 591 1432 631 Latinis
1446 593 1578 631 eodem
1594 605 1676 632 mo-

421 644 472 681 do
485 645 593 695 magis
606 644 668 682 vel
680 645 795 696 potius
810 645 1001 689 omittere,
1026 643 1126 682 haud
1143 643 1367 697 infrequens.
1383 646 1504 685 Tacit.
1517 646 1561 684 de
1576 659 1677 686 mor.

422 696 554 736 Germ.
568 710 601 738 c.
618 698 641 736 6
658 697 681 736 f.
701 699 815 737 Cedere
829 699 901 737 loco
920 719 964 727 —
980 698 1121 748 confiffl,
1143 712 1241 750 quam
1250 697 1444 748 jbrmidinis
1457 700 1672 738 arbitrantur.

421 750 569 789 Sallust.
581 750 697 789 Catil.
713 751 778 799 48,
795 763 828 801 5,
851 752 961 790 Tanta
972 751 1024 789 vis
1045 751 1188 789 hominis
1205 752 1363 791 leniunda
1377 768 1475 805 quam
1489 753 1668 803 exagitan-

423 805 468 841 da
482 805 667 851 videbatur,
680 805 744 842 ubi
762 804 868 856 plura
882 804 991 843 Cort.
1009 804 1114 842 Adde
1123 803 1245 844 Gron.
1258 805 1405 845 Duker.
1420 819 1463 846 ac
1477 805 1673 846 Drakenb.

424 856 471 894 ad
487 857 568 896 Liv.
584 858 628 903 1,
642 858 770 904 XXV,
796 857 810 907 §
832 870 891 908 13,
918 857 1008 896 lens.
1025 857 1142 896 Ltht.
1157 858 1245 897 Luc.
1259 872 1295 910 p.
1314 859 1480 910 278—9‚
1495 859 1534 898 δι
1553 862 1683 912 Wop-

421 908 516 949 kens
534 911 635 950 Lect.
648 911 751 950 Tull.
766 925 799 963 p.
816 925 899 958 224.
922 910 985 949 De
1000 911 1182 963 potestate
1198 923 1322 951 autem
1348 913 1455 951 verbi
1476 913 1680 964 ξενίζομαιι,

419 975 494 1014 pro
518 963 692 1003 insolenti
709 963 750 1003 &
766 964 961 1016 peregrina
975 977 1016 1003 re
1032 965 1269 1016 perturbari,
1291 967 1366 1005 vid.
1385 966 1457 1006 lac.
1473 966 1611 1006 Ell'ner.
1630 967 1678 1006 ad

420 1015 490 1065 ΕΡ.
508 1016 606 1056 Divi
627 1017 725 1057 Petri
751 1018 823 1064 lv,
839 1033 885 1064 4,
910 1018 973 1056 ubi
987 1017 1025 1056 ’ἐν
1039 1014 1067 1065 ὦ
1086 1016 1289 1069 ξενίζονται
1315 1020 1389 1060 hoc
1409 1020 1564 1060 Luciani
1580 1019 1681 1063 alio--¹

421 1082 588 1122 rumque
600 1070 826 1111 testimoniis
838 1071 1020 1110 firmatur.
1046 1071 1192 1111 Rm'rz.

481 1124 672 1177 Pag.1318.
691 1126 713 1164 l.
736 1137 766 1164 1.
783 1125 837 1163 Ἐν
852 1123 904 1173 τῷ
915 1123 1044 1177 μέρει)
1065 1125 1200 1164 Similis
1215 1125 1363 1166 locutio
1389 1125 1442 1166 est
1466 1126 1566 1179 apud
1587 1125 1682 1165 Ari-

420 1175 543 1228 stoph.
563 1177 659 1216 Ran.
674 1178 689 1216 1
704 1207 714 1225 ‚
735 1179 799 1217 ubi
812 1178 1035 1217 Scholiastes
1052 1179 1211 1230 exponit
1227 1179 1263 1218 ἐν
1279 1179 1334 1227 τῷ
1347 1181 1412 1228 ἰ’σῳ
1425 1180 1541 1231 μέρει·
1564 1179 1604 1218 δι
1622 1179 1681 1228 11,

422 1229 586 1282 1,Vesp.
613 1232 650 1269 in
666 1232 768 1271 Fam.
782 1230 902 1271 Chor.
921 1232 985 1272 ubi
999 1233 1140 1283 exponi
1158 1232 1260 1283 poffe
1274 1234 1422 1272 videtur
1439 1233 1474 1272 ἑν
1495 1233 1549 1282 τῷ
1569 1231 1680 1284 ἑτέρῳ

415 1283 539 1337 μέρει,
555 1300 598 1324 ex
609 1285 717 1324 altera
730 1298 840 1339 parte,
861 1286 922 1324 vel
938 1284 1086 1334 vict'ffim.
1115 1286 1238 1325 LEED.

473 1340 548 1376 ead.
563 1339 586 1376 l.
609 1339 979 1390 ς.Ἀπρδ“υσάμενος)
1005 1344 1036 1376 Τ
1058 1338 1129 1377 &n
1152 1340 1264 1379 toties
1279 1339 1376 1379 male
1392 1338 1681 1380 confunduntur

418 1390 456 1428 in
475 1391 555 1430 edd.
573 1403 667 1430 vett.
682 1403 724 1431 ut
738 1393 805 1432 vix
821 1404 919 1444 opus
931 1392 975 1431 fit
991 1392 1196 1440 monuiffe,
1223 1404 1288 1432 aut
1303 1394 1349 1433 ad
1371 1394 1453 1433 edd.
1469 1392 1682 1441 attendisse,

419 1443 447 1482 fi
462 1443 588 1483 sensus
602 1445 827 1485 alterutrum
843 1444 1019 1498 postulat.
1041 1445 1183 1485 Rmz.
1307 1442 1311 1446 ’

472 1501 544 1536 ead.
564 1498 588 1538 l.
606 1512 641 1546 7.
663 1499 910 1546 Ἀσπασίαν)
937 1499 1177 1548 Meretricem
1205 1500 1316 1539 etiam
1342 1499 1480 1541 faeiam
1504 1499 1613 1538 tradit
1629 1498 1681 1539 A.

418 1549 581 1598 Gellius,
597 1550 657 1591 sed
672 1554 799 1600 aliam,
811 1565 947 1604 nempe
959 1554 1089 1592 Alcen.-
1112 1566 1228 1606 quem
1243 1554 1328 1593 vide
1343 1553 1415 1603 IV,
1439 1568 1454 1593 1
1466 1566 1497 1592 1.
1521 1553 1679 1593 SOLAN.

471 1608 545 1644 ead.
561 1606 584 1643 l.
604 1619 663 1656 15.
683 1607 865 1660 Καινεὺς)
891 1607 978 1646 Vid.
992 1607 1084 1646 Ant.
1097 1607 1305 1647 Liberalem
1321 1608 1416 1649 Met.
1428 1621 1460 1649 c.
1479 1609 1536 1646 16.
1553 1607 1681 1646 Elatus

418 1670 487 1698 rex
500 1669 582 1698 erat
597 1659 860 1712 Lapitharum.
884 1661 1043 1700 SOLAN.

472 1713 561 1766 Pag.
578 1726 665 1766 3¹9·
683 1711 939 1763 Ι.4.”Ωπυεν)
964 1713 1108 1754 Forsan
1132 1714 1280 1754 ὤπυιεν.
1306 1714 1474 1756 GUYET.
1498 1710 1684 1765 Ὦπυιεν)

418 1764 514 1804 Vox
534 1779 613 1806 non
628 1768 850 1808 inhonestae
862 1768 1156 1821 significationis.
1174 1767 1392 1820 Hesychius
1409 1769 1566 1820 exponit
1582 1765 1680 1820 ἐγίι·

416 1832 493 1868 μει.
509 1821 632 1862 LEED.
655 1822 713 1862 Sic
730 1824 785 1861 Fl.
801 1822 890 1862 sola.
906 1821 950 1862 In
966 1822 1120 1875 reliquis
1134 1822 1269 1861 ἕόπυεν.
1287 1822 1613 1862 8οιΑΝ.”Ωπυιεν
1636 1819 1677 1859 &

418 1871 527 1913 scribi
543 1877 679 1916 curavi
692 1876 816 1928 supra,
833 1877 927 1916 Eun.
941 1889 1024 1928 cap.
1046 1890 1108 1921 12,
1123 1876 1190 1914 ubi
1203 1875 1328 1915 itidem
1342 1876 1421 1915 edd.
1438 1876 1558 1928 vulgo
1573 1889 1584 1912 ι
1602 1886 1680 1912 me-

419 1927 522 1967 dium
545 1929 761 1970 omiserant.
788 1930 831 1969 In
852 1931 878 1968 I.
901 1930 960 1969 hic
983 1930 1036 1969 est
1057 1930 1200 1979 ξόπυεν,
1225 1930 1307 1968 iota
1324 1930 1430 1969 initio
1452 1927 1681 1979 subscripto,

420 1982 525 2033 quod
538 1993 664 2023 tamen
679 1997 794 2023 manu
810 1997 1006 2036 perperam
1024 1984 1190 2022 additum
1204 2012 1215 2028 ‚
1237 1995 1316 2023 non
1332 1982 1547 2034 impreffum
1564 1980 1680 2034 suspi-

416 2047 498 2074 cor.
508 2036 683 2089 Ignosce,
696 2037 829 2083 le&or,
840 2037 1052 2077 Crenianae
1069 2037 1160 2076 huic
1173 2035 1395 2088 diligentiae.
1414 2036 1570 2075 Interim
1580 2034 1679 2074 ὂπὺω

419 2087 497 2128 sine
513 2105 524 2127 ι
538 2090 591 2129 est
609 2104 667 2143 ap.
682 2090 875 2143 Aristoph.
890 2092 987 2130 Ach.
1006 2105 1043 2129 v.
1061 2103 1150 2141 254,
1166 2112 1210 2119 --
1235 2089 1282 2128 ὣς
1293 2086 1545 2142 μακάριοςὊς
1560 2102 1622 2129 τις
1643 2088 1678 2128 o'

418 2141 563 2182 ὀπύσει.
581 2143 704 2195 Quod
719 2143 847 2185 nescio
863 2157 959 2184 anne
971 2145 1169 2198 poeticum
1181 2142 1239 2191 fit,
1254 2144 1300 2184 ad
1312 2144 1587 2197 corripiendam
1600 2141 1678 2194 syl-

420 2195 556 2236 labam.
581 2198 729 2237 Rmz.

419 2303 444 2343 S
471 2252 545 2290 ead.
561 2251 583 2290 l.
604 2266 636 2305 5.
651 2251 776 2306 Ὁρᾷς)
795 2253 856 2293 Sic
880 2252 1013 2292 melius
1035 2252 1075 2292 P.
1097 2251 1138 2291 &
1156 2251 1196 2291 L.
1219 2265 1335 2305 quam
1357 2251 1396 2291 iu
1418 2252 1528 2305 impr.
1553 2246 1675 2290 οἶὲοις.

449 2315 580 2344 OLAN.

473 2361 546 2398 ead.
562 2359 585 2398 l.
598 2373 635 2410 7.
652 2355 875 2412 Edpm'i‘Sm)
893 2360 1020 2400 Locus
1041 2359 1093 2399 est
1110 2359 1269 2399 Medeae
1282 2373 1321 2399 v.
1339 2370 1431 2409 250:
1455 2357 1520 2398 Ὠς
1533 2357 1610 2411 τρὶς
1627 2357 1674 2396 ἂν

418 2413 508 2465 παρ’
523 2412 679 2453 &wisa
699 2413 838 2454 Στῆνιω
853 2414 998 2464 3έλοιμ’
1010 2411 1056 2452 ἂν
1068 2414 1235 2463 μᾶλλον,
1252 2413 1406 2453 {irenen}
1422 2411 1549 2462 ἅπαξ.
1574 2413 1674 2451 Lau-

417 2466 479 2505 dat
494 2467 694 2506 Barnefius
708 2467 922 2508 versionem
940 2468 1070 2515 Ennii,
1085 2469 1180 2506 Nam
1193 2478 1242 2507 ter
1247 2467 1316 2520 sub
1335 2467 1438 2508 armis
1456 2466 1673 2507 malo‘vitam

415 2533 550 2570 cernere,
567 2522 680 2572 Quam
686 2522 789 2573 semel
802 2524 898 2562 modo
907 2537 1030 2575 parere.
1055 2519 1180 2562 stx.
