1764 3419
341 243 440 287 IN
507 238 1011 289 TOXARIN.
1110 274 1114 277 .
1214 264 1304 311 453

59 326 283 367 versionem
299 328 455 369 Gesneri
470 330 648 382 vulgatae
668 330 820 370 lectioni
844 328 959 370 αὖτὶς
981 332 1308 373 accommodatam

58 382 163 433 quod
183 383 411 422 mutaverim
422 412 433 429 ,
456 383 662 423 (lodicibus
678 397 721 423 ac
735 384 909 424 Graevio
925 383 1128 423 obsecutus
1139 412 1149 429 ‚
1171 397 1221 423 eo
1237 388 1309 425 mi·-

60 447 133 474 nus
148 447 259 486 aegre
274 435 367 475 feret
380 466 391 482 ,
406 435 533 488 spero,
548 450 627 490 quo
639 438 674 475 id
689 436 814 477 facere
828 436 933 476 soleo
949 438 1086 476 rarius.
1110 437 1253 477 Rzlrz.

113 490 184 526 ead.
199 490 222 526 l.
242 502 298 538 17.
313 488 526 543 Διεξιῖλθον)
542 491 733 530 indicativ.
746 490 806 530 ille
821 503 892 542 pro
908 489 1093 530 subiunct.
1107 503 1185 530 non
1196 491 1309 532 semel

56 539 169 593 supra
187 541 238 579 est
251 543 441 583 indicatus.
462 543 505 581 Et
521 544 639 583 leftor
652 545 685 582 ei
702 546 778 582 iam
797 544 848 583 est
863 543 1040 590 affuerus,
1057 545 1108 583 ita
1127 556 1168 583 ut
1183 547 1308 585 moni-

59 595 168 633 tione
190 593 318 647 postea
333 596 425 634 nihil
445 609 542 648 opus
551 597 604 636 s1t.
625 598 709 637 Vid.
721 608 852 637 notata
863 598 908 636 ad
923 599 1040 637 Zeux.
1053 611 1084 636 c,
1107 612 1138 649 5.
1162 598 1308 650 Ipsum·

56 660 138 699 que
153 647 304 687 Lucian.
320 650 452 689 Abdic.
469 662 502 689 c.
519 664 559 701 31
577 651 631 690 bis
647 662 702 689 ter
717 651 766 691 fic
778 651 1013 703 loquentem.
1033 651 1086 689 Ex
1102 652 1309 693 Lec'it.le11-

57 701 99 740 fii
115 701 313 741 Lucianeis
327 716 362 756 p.
383 703 430 741 28
451 714 596 742 tantum
613 717 731 743 unum
744 705 889 749 addam,
901 705 1006 756 quod
1021 703 1095 756 ipse
1110 706 1148 743 in
1162 706 1308 747 aufho-

57 755 89 793 ri
97 755 310 812 exemplari
322 769 436 796 manu
451 756 515 796 sua
529 759 660 796 ceteris
673 758 804 797 adiecit
817 770 865 796 ex
879 759 996 797 Hom.
1012 758 1052 796 11.
1063 764 1104 804 N,
1120 773 1192 810 299
1207 759 1308 824 seqq.

61 810 146 848 Οιός
159 807 202 846 sk
216 810 450 863 βροτολοιγὸς
460 811 567 862 ’Ἄρης
578 811 788 860 orons-uersa
801 812 972 860 μέτεισι,
992 811 1046 860 Τῷ
1060 811 1102 850 Σὲ
1115 814 1225 857 obser„-
1243 828 1309 863 φι-

58 872 126 901 λος
140 862 216 902 vii&
233 860 318 912 ἄμα,
331 867 501 916 κρατερὸς
524 864 588 903 καὶ
600 864 765 915 ἀτειρβὺς
779 864 956 911 ‘'Eme-ro,
969 865 1050 903 ὅστ’
1066 865 1221 914 ἐφόβησε
1235 883 1308 906 τοι.

58 914 222 966 λάφρονίι
243 931 314 967 0772?
332 914 576 966 πολεμιστήν.
609 919 678 969 Qui
701 929 805 956 metus
821 918 921 969 filius
943 918 1072 956 Martis
1102 931 1306 959 TERREAT

59 971 278 1021 quantumvis
294 972 501 1023 impavidum
522 972 720 1011 bellatorem.
743 972 833 1010 Non
850 983 967 1017 terret,
993 982 1036 1010 ut
1051 973 1171 1025 vulgo
1185 976 1306 1013 verti—

46 1032 131 1061 ·tur.
147 1023 275 1063 Unum
289 1024 455 1076 adiungo
467 1038 513 1064 ex
526 1025 729 1064 Herodian.
748 1025 809 1071 11,
827 1040 863 1076 ς,
882 1039 945 1073 12,
966 1026 1076 1075 αλλῳ
1096 1027 1163 1074 μὲν
1186 1026 1230 1067 ἂν
1252 1044 1306 1077 τῳ

44 1075 194 1128 θάρσος
208 1078 270 1114 καὶ
286 1077 486 1129 προθυμίαν
503 1078 705 1123 ἐνέβαλλεν.
719 1075 971 1129 Αἰὶιιηι·]ἳ)ξ[ἶτη
985 1081 1193 1118 audaciorem
1207 1094 1306 1134 atque

54 1130 245 1169 alacriorem
261 1133 416 1179 redderet,
435 1132 535 1171 recle
549 1132 598 1170 ibi
614 1132 787 1171 vertitur.
803 1132 1004 1170 innumera
1021 1133 1154 1172 addere
1175 1134 1308 1175 similia

55 1182 184 1223 liceret
193 1197 206 1231 ;
223 1183 283 1223 sed
299 1198 376 1224 non
396 1186 501 1224 decet
515 1184 588 1225 effe
602 1187 739 1225 nimios
751 1186 788 1223 in
802 1184 920 1224 hisce:
938 1198 1008 1224 nec
1023 1198 1149 1225 tamen
1163 1187 1307 1241 semper

56 1237 148 1275 talia
162 1238 271 1290 plane
290 1238 492 1291 praeterire
508 1238 564 1278 fas
585 1238 660 1286 est,
675 1239 766 1292 quia
784 1239 1052 1292 interpretibus
1073 1239 1180 1292 saepe
1201 1241 1303 1281 frau-

54 1290 94 1330 di
115 1289 234 1331 fuere.
261 1292 414 1333 RErrz„

113 1345 201 1397 Pag.
213 1359 276 1399 97.
293 1347 317 1385 l.
331 1360 368 1396 7.
392 1346 583 1394 Bessxn'ovc)
607 1345 814 1398 vulgatam
834 1346 1024 1398 potiorem
1045 1346 1220 1393 arbitror,
1239 1347 1305 1387 etr‘i

56 1406 268 1451 utrumque
280 1400 382 1439 recte
393 1400 543 1448 dicitur,
565 1400 667 1452 quod
681 1399 860 1451 exemplis
873 1400 972 1439 haud
986 1412 1083 1451 eget.
1104 1400 1250 1440 Rmz.

109 1454 182 1492 ead.
201 1453 226 1492 l.
243 1467 300 1502 14.
324 1453 559 1506 Φαινὸμενος)
582 1453 706 1506 Ipsum
723 1454 902 1506 marginis
913 1454 1075 1494 Aldinae
1088 1455 1225 1494 vitium
1247 1455 1307 1495 iu-

55 1516 123 1546 vat
136 1505 338 1547 leEfionem
351 1506 416 1547 7013
429 1508 658 1557 φαινόμενος.
678 1507 823 1546 REITZ.
1292 1518 1294 1522 “

111 1560 201 1611 Pag.
214 1560 276 1613 98.
291 1563 313 1601 l.
334 1574 392 1613 15.
408 1562 462 1601 Ἐν
475 1560 585 1612 εἰρήνῃ
598 1560 744 1615 βειὸεζᾳ.)
759 1561 820 1600 Sic
835 1558 949 1612 supra·
964 1559 1002 1599 in
1019 1559 1130 1600 Alex.
1146 1575 1227 1614 cap.
1244 1576 1306 1615 51,

57 1613 122 1651 mi
136 1611 245 1666 εἰρήνη
260 1614 391 1660 βαθεῖα,
403 1618 492 1666 πρὶς
512 1614 663 1653 ἐκείνους
678 1616 728 1654 ἦν.
749 1615 956 1653 Herodian,
973 1614 1046 1661 1V,
1068 1628 1127 1663 ιο,
1146 1629 1177 1662 1,
1193 1615 1305 1656 οὔσης

56 1665 188 1718 εἰρήνης
207 1667 368 1713 βαθείας.
395 1669 481 1708 Alia
497 1668 544 1707 de
560 1669 634 1707 hoc
645 1668 818 1708 adiectiv.
838 1668 913 1707 vid.
927 1667 975 1706 ad
993 1668 1132 1707 Reviv.
1147 1682 1226 1721 cap.
1240 1683 1306 1718 41,

55 1719 147 1760 Pisc.
161 1734 243 1776 cap.
262 1735 307 1762 12
319 1752 329 1769 ‚
342 1722 391 1762 de
410 1722 576 1762 Merced.
591 1735 674 1775 cap.
689 1736 735 1775 25
752 1723 793 1761 &
817 1736 880 1775 33,
899 1722 1020 1761 Zeux.
1034 1735 1117 1775 cap.
1137 1721 1182 1768 8,
1195 1737 1239 1763 ac
1258 1724 1304 1763 de

55 1773 147 1814 Salt.
161 1788 192 1815 c.
210 1788 270 1828 25.
290 1776 434 1816 Rmz.

110 1829 200 1882 Pag.
213 1843 275 1881 99.
289 1831 311 1869 l.
328 1845 362 1882 3.
383 1827 668 1883 Ὓποχωροῧμεν
682 1829 880 1882 ἐπιόντας)
891 1829 1001 1868 Itane
1014 1831 1130 1869 vero?
1157 1830 1216 1868 An
1233 1841 1306 1870 rer-

52 1894 104 1935 ga
124 1882 211 1922 dare
227 1883 277 1924 fic
298 1883 387 1924 suos
404 1884 527 1936 vulgo
539 1884 598 1923 hic
613 1883 773 1923 fatetur?
799 1884 890 1923 Non
904 1884 1031 1922 credo.
1056 1883 1166 1936 Quid
1186 1897 1279 1936 ergo
1293 1915 1306 1932 ,

0 1949 1 1954 ¹
55 1936 233 1988 inquies?
255 1937 392 1976 Dicam
413 1936 655 1989 ἀποκροὺομεν
666 1935 857 1989 scripserat
872 1937 1061 1976 Lucianus
1072 1967 1082 1983 7
1098 1938 1200 1990 quod
1217 1937 1305 1977 faci-

55 1990 92 2030 le
105 1990 154 2030 fic
164 2001 356 2031 mutatum
367 1991 492 2031 fuerit.
504 1992 574 2031 Sed
585 2005 663 2030 rem
675 2004 749 2043 ego
762 1991 801 2029 in
809 1991 934 2030 medio
945 1991 1135 2043 relinquo.
1145 1991 1304 2031 SOLAN.

112 2045 304 2097 Pag.=100.
323 2046 348 2084 l.
360 2060 395 2084 2.
415 2044 650 2096 Ἐντεμόντες
665 2067 709 2075 -
724 2044 810 2084 τοὺς
823 2044 1054 2096 δακτύλους)
1075 2043 1305 2096 Scytharum

56 2098 243 2138 amicitiae
259 2109 303 2137 ut
312 2099 575 2146 concilientur,
588 2112 735 2137 morem
747 2100 870 2146 tradit,
884 2099 946 2138 cui
961 2097 1160 2137 conforme
1171 2098 1223 2137 est
1235 2098 1308 2138 ius-

55 2151 201 2191 iurand.
212 2151 411 2200 Catilinae,
433 2153 478 2192 de
490 2165 571 2205 quo
589 2152 732 2192 Sallust.
744 2152 784 2192 δι
799 2152 900 2192 Flor.
914 2151 1060 2191 COGN.
1078 2152 1223 2191 Sallust.
1244 2153 1305 2199 id,

55 2207 163 2257 quod
175 2205 374 2258 Cognatus
386 2207 438 2245 ait
448 2236 460 2252 ,
483 2219 560 2245 non
569 2206 714 2258 liquido
728 2206 899 2245 affirmat.
921 2205 992 2245 Sed
1007 2205 1143 2244 famam
1157 2218 1306 2244 tantum

54 2258 183 2300 fuisse:
206 2260 284 2299 vid.
301 2262 382 2299 eius
392 2259 504 2299 Catil.
518 2273 550 2300 c.
569 2273 628 2298 22.
650 2260 720 2299 Sed
735 2261 854 2299 moris
870 2259 1003 2306 huius,
1018 2259 1062 2298 de
1077 2273 1157 2311 quo
1172 2260 1306 2298 Lucia-

56 2324 144 2359 nus,
156 2312 287 2353 diserte
296 2314 455 2353 Tacitus
468 2313 636 2352 meminit
651 2313 788 2352 Annal.
802 2313 873 2352 ΧΠ
885 2343 896 2360 ‚
912 2326 943 2352 c.
956 2326 1018 2361 47.
1034 2313 1094 2351 De
1110 2313 1308 2352 Mithrida-

57 2377 96 2406 te
108 2367 149 2406 &
163 2367 425 2407 Rhadamisto:
455 2370 540 2406 Mos
552 2369 595 2420 eft
604 2369 745 2418 regibus,
759 2368 908 2420 quotiens
923 2367 958 2405 in
965 2366 1156 2417 societatem
1174 2370 1305 2412 cocant,

59 2420 229 2473 implicare
237 2424 388 2468 dextras,
396 2420 594 2474 pollicesque
604 2421 731 2472 interft
743 2422 878 2469 vincire,
898 2423 1046 2472 nodoque
1053 2420 1283 2472 praestringere
1295 2434 1309 2458 ς·

62 2490 145 2515 mox
153 2476 209 2514 ubi
216 2475 366 2529 fhnguis
380 2477 415 2514 in
429 2486 525 2514 artus
536 2486 695 2514 extremos
700 2475 739 2526 se
754 2474 919 2528 effuderit,
935 2475 999 2513 levi
1011 2475 1075 2513 iau
1089 2488 1232 2512 cruorem
1244 2474 1305 2511 eli-

59 2529 151 2569 ciunt
158 2559 172 2576 ‚
183 2541 282 2584 atque
291 2529 434 2570 invicem
444 2529 607 2569 lambunt.
617 2529 661 2568 Id
661 2527 787 2582 foedus
797 2543 956 2568 arcanum
969 2530 1120 2576 habetur,
1131 2529 1224 2580 quast
1235 2542 1307 2566 mu-

961 2580 1064 2634 Ff3
