1764 3419
241 243 310 289 IN
343 241 648 289 SOMNIUM
681 240 793 288 SEU
828 210 1112 288 GALLUM.
1147 275 1150 279 ,
1216 259 1301 308 575

48 325 116 367 τοῦ
133 328 331 379 προσώπου
346 328 463 369 πολὺν
486 328 785 379 ἐπιβεβλημένος.
805 328 911 368 Num
933 339 1094 382 uterque
1113 328 1224 370 finus
1238 332 1308 379 fir,

50 381 177 421 dicere
196 395 262 433 per
276 382 552 422 festinationem
574 395 652 421 non
677 383 812 421 habeo.
836 382 934 421 Nam
959 384 1063 434 quod
1077 383 1309 423 Grammati-

49 446 118 474 cus
132 435 208 475 hoc
230 436 386 475 nomine
403 435 538 476 Suidae
551 445 889 484 commemoretur,
912 436 987 475 huc
1001 436 1091 475 nihil
1106 436 1230 476 facere
1246 450 1308 476 ar-

0 501 1 513 *
48 487 183 528 bitror.
203 488 350 529 Rmz.

102 542 138 579 in
160 543 275 580 Schol.
289 544 352 581 col.
374 555 405 580 1.
421 542 444 581 ἱ.
462 556 494 595 5.
510 537 639 582 Οὕτως
664 542 726 595 Σὲ)
747 541 997 582 Consuetudo
1018 540 1224 594 postularet
1247 537 1309 581 03-

49 609 126 640 τω,
145 593 323 647 sequente
343 594 522 635 consona.
551 596 622 635 Sed
647 595 740 634 nihil
765 607 895 643 muto,
916 597 1004 647 quia
1031 596 1070 635 δι
1094 595 1132 634 in
1152 597 1309 647 oprimis

51 647 166 687 aaut.
184 648 370 689 interdum
390 648 440 689 fic
456 648 564 689 scribi
578 650 715 696 video,
732 660 774 688 ut
789 649 905 688 Diod.
919 651 987 688 Sic.
1006 649 1063 697 11,
1078 662 1166 701 cap.
1181 663 1227 702 50
1240 650 1308 689 sub

50 700 132 739 init.
148 698 262 742 οὕτως
277 702 495 756 φλογώδης.
509 703 600 742 Item
615 702 785 753 Alciphr.
799 702 850 741 III
862 733 875 748 ,
891 717 924 754 p.
939 703 1028 753 348,
1044 700 1156 742 οὕτως
1169 701 1246 744 τήν.
1260 705 1309 743 Et

49 753 208 794 viciffim
223 751 320 795 οὕτω
334 755 410 808 seq.
422 757 560 796 vocali.
575 755 684 795 Plura
697 755 797 794 dabo
809 756 908 794 alias.
924 756 1068 796 Rmz.

107 810 196 861 Pag.
213 821 300 860 304.
315 810 338 848 l.
355 823 387 849 1.
400 811 457 848 Tea
470 806 703 860 καθήκοντα)
726 808 874 862 Officia,·
893 810 932 847 δι
952 809 1002 848 fic
1016 808 1116 848 Υθᾶὶε
1131 809 1226 848 idem
1249 809 1309 848 in-

47 869 194 913 terpres
212 863 249 900 in
267 862 471 902 Convivio
491 863 556 902 seu
578 863 747 913 Lapithis
768 863 900 910 vertit,
914 865 968 903 τὰ
984 861 1188 904 καθήκοντα,
1210 863 1310 904 eisa-

48 927 120 962 σιν,
141 915 198 967 qui
216 915 326 968 officia
348 929 481 955 norunt.
497 916 670 955 BOURD.

102 972 176 1009 ead.
188 969 210 1008 I.
228 984 264 1018 4.
281 972 372 1021 Προς
388 967 506 1022 ἡμῶν)
522 969 623 1009 Flor.
638 971 728 1020 πρὸς
751 967 860 1020 ἧμοῖς.
875 969 1047 1009 BOURD.

101 1026 176 1062 ead.
190 1024 214 1060 l.
229 1024 266 1062 6.
277 1023 429 1075 Ἐθέλῃς)
448 1023 508 1062 Ita
531 1023 772 1062 correximus
793 1036 842 1063 ex
862 1023 948 1063 Mff.
973 1023 1096 1075 Regg.
1125 1023 1237 1073 1428.
1266 1024 1308 1066 δε

46 1086 123 1126 301
137 1088 166 1114 1.
187 1088 275 1116 cum
294 1077 403 1128 vulg.
424 1077 611 1128 legeretur
626 1075 772 1116 ἐθέλοις.

103 1131 175 1169 ead.
189 1130 213 1169 I.
230 1142 286 1169 10.
307 1129 562 1183 Θεσμόπολιν)
579 1131 732 1170 Verum
749 1142 903 1170 nomen.
921 1129 1074 1169 Stoicus
1090 1130 1121 1169 is
1140 1130 1309 1183 philoso-

49 1180 173 1233 phus,
194 1183 239 1222 de
253 1196 335 1234 quo
349 1183 488 1223 Noster
501 1184 729 1223 nominatim
749 1187 866 1223 Mra-5.
885 1198 917 1223 c.
936 1198 980 1237 33
1005 1184 1045 1223 δι
1060 1183 1214 1237 seqq.&
1229 1185 1309 1225 fine

47 1236 205 1275 nomine
219 1237 256 1275 in
272 1236 366 1287 Ἑρμ.
381 1237 470 1276 vide
483 1249 563 1277 not.
576 1238 622 1276 ad
637 1249 671 1276 c.
689 1250 701 1274 ι
715 1251 747 1276 1.
761 1237 917 1276 SOLAN.

102 1291 176 1328 ead.
189 1290 211 1328 l.
230 1289 403 1340 14·“Ab<0⁶
417 1291 557 1344 λέγων)
568 1290 642 1329 Etsi
657 1289 778 1330 abesse
789 1302 903 1343 queat
914 1291 1051 1343 λέγων,
1065 1290 1166 1330 τεέὶε
1179 1301 1309 1334 tamen

46 1340 101 1381 {ic
124 1343 272 1383 additur
293 1345 493 1396 participio
508 1374 520 1392 ,
543 1344 648 1397 quod
667 1344 729 1383 vel
749 1344 1029 1397 Lexicographi
1044 1343 1311 1386 observarunt.

46 1394 198 1436 Confer
214 1396 367 1450 μεταξὺ
382 1397 513 1438 eadem
526 1397 711 1438 ίὶηιᾶὶιιῐει
724 1397 812 1438 Ιον.
831 1396 947 1438 Conf.
967 1411 1000 1438 c.
1021 1412 1059 1447 4.
1078 1398 1127 1437 Et
1147 1398 1193 1438 de
1212 1398 1304 1439 Salt.

45 1461 79 1491 c.
99 1462 112 1487 1
125 1463 140 1488 1
161 1463 215 1501 pr.
233 1451 380 1491 Rmrz.

99 1503 179 1542 ibid.
195 1504 328 1557 Χεῖρας
344 1505 477 1559 ὀρέγων
490 1501 594 1555 αὗτῷ
604 1505 622 1553 )
643 1504 754 1544 Hanc
765 1504 986 1557 scripturam
1009 1503 1162 1545 secutus
1180 1504 1233 1545 est
1253 1506 1308 1544 in·

44 1565 202 1610 terpres.
225 1558 267 1597 ln
281 1559 360 1598 aliis
372 1570 499 1599 tamen
512 1558 634 1599 Codd.
649 1558 789 1610 legitur
810 1558 1068 1612 χειραγωγῶν
1086 1562 1148 1600 τὸν
1163 1560 1306 1610 Θεσμο-

46 1621 158 1650 πολιν
173 1610 446 1664 ἑπερειὲέμενον
464 1627 506 1652 τ.
518 1612 585 1652 οἰκ.
598 1613 773 1652 BOURD.

101 1664 194 1717 Pag.
208 1679 295 1719 305.
309 1667 332 1704 l.
355 1680 387 1705 1.
403 1666 589 1719 Κελεὺσω)
607 1666 710 1706 Flor.
723 1664 874 1706 κελεύω.
886 1666 1058 1706 BOURD.

102 1721 178 1756 ead.
194 1719 218 1757 l.
239 1732 271 1758 2.
285 1720 337 1758 Ἐν
353 1719 402 1769 τῇ
416 1719 700 1773 ’γυναικωνίτιὲι
719 1742 763 1750 -
778 1718 1018 1773 ἑστιαθιῖνοιι)
1040 1719 1157 1774 Angl.
1178 1718 1308 1760 ἓστιὲἱ·

47 1776 156 1813 chau.
168 1771 232 1812 De
251 1773 427 1813 hocloco
440 1773 564 1812 Heins.
578 1774 623 1812 ad
638 1773 790 1813 Hesiod.
806 1774 978 1813 BOURD.

103 1829 177 1864 ead.
188 1827 211 1864 l.
230 1841 263 1877 3.
277 1826 403 1878 Χώραν
421 1827 542 1880 ἔχῃς)
557 1827 619 1867 Sic
635 1826 714 1866 fere
733 1826 843 1879 supra
865 1840 938 1880 pro
957 1827 1075 1879 Imag.
1091 1839 1123 1867 c.
1138 1841 1183 1879 9,
1196 1828 1306 1866 κατὰ,

50 1879 178 1932 χώραν
194 1879 272 1930 ἑᾷν,
279 1879 345 1930 fito
364 1881 436 1920 loco
449 1882 633 1933 relinquere.
649 1881 696 1920 Et
710 1881 830 1933 Long.
844 1880 938 1921 Past.
958 1881 992 1921 II
1003 1911 1015 1931 ‚
1027 1893 1109 1933 pag.
1121 1894 1188 1934 75,
1200 1882 1307 1920 κατὰ

50 1933 181 1985 χώραν
198 1932 319 1983 ἔμενεν
343 1937 412 1986 (τὰ
432 1935 646 1985 πρόβατα.)
664 1935 811 1974 RErrz.

103 1987 183 2026 ibid.
196 1986 311 2027 Λύκος
322 1988 470 2041 χανὼν)
485 1988 514 2026 F
516 1988 572 2027 ab.
587 1987 743 2041 Aesopi.
755 1989 912 2027 SOLAN.
927 1986 1013 2040 Qui
1026 1986 1143 2027 nescit
1152 2017 1164 2035 ,
1177 1988 1306 2027 videat

49 2037 219 2134 &bimari
243 2042 327 2081 eius
354 2041 448 2095 138,
470 2040 683 2095 inscriptam
702 2043 818 2083 Λύκος
839 2041 903 2081 καὶ
922 2041 1057 2096 γραῦς·
1077 2042 1143 2083 vel
1164 2042 1309 2083 Avian-

84 2122 93 2132 .
137 2123 146 2133 .
209 2105 318 2134 trrz.

105 2150 179 2187 ead.
191 2149 215 2189 l.
228 2163 264 2198 7.
283 2148 333 2189 Νὴ
350 2149 445 2201 Δία)
462 2149 581 2189 Erunt
592 2181 604 2199 ‚
617 2150 683 2202 qui
696 2162 775 2190 non
793 2149 1018 2189 dubitabunt
1035 2149 1094 2198 μὲι
1108 2149 1186 2188 Δίοι
1203 2161 1251 2189 ex
1266 2148 1305 2188 P.

52 2201 98 2242 &
116 2201 158 2241 L.
174 2202 387 2242 rescribere.
411 2204 493 2243 Nec
510 2216 584 2256 ego
607 2204 770 2244 multum
785 2202 1004 2256 refragarer.
1027 2205 1091 2241 Μὰ
1113 2203 1190 2241 Δία
1204 2204 1307 2241 enim

53 2255 259 2308 negatione
273 2255 444 2296 adiunffli
461 2257 531 2297 dici
551 2269 673 2306 amat,
688 2258 763 2297 vid.
782 2269 894 2296 notas
914 2258 958 2296 ad
978 2256 1077 2296 Dial.
1096 2257 1216 2295 Mort.
1232 2255 1309 2296 XX

55 2306 121 2348 fin.
135 2309 256 2350 immo
268 2322 335 2362 per
359 2310 396 2349 se
419 2309 497 2350 fere
519 2323 654 2364 nega13
672 2324 759 2352 cum
777 2310 816 2351 νὴ
833 2311 910 2350 Δίοι
929 2310 1144 2350 affirmantis
1163 2308 1218 2348 fit.
1235 2309 1310 2348 Di-

54 2361 180 2402 stinxit
195 2364 390 2415 Aristoph.
407 2363 506 2403 Ran.
522 2378 615 2418 790,
627 2387 670 2395 —
683 2366 714 2402 κ’
725 2361 788 2403 οὐκ
805 2365 985 2409 ἐβάλλετο
1003 2367 1065 2402 Μὰ
1079 2363 1149 2402 Δί’·
1161 2364 1251 2402 item
1265 2377 1306 2402 v.

56 2414 137 2455 800
148 2447 159 2464 ‚
176 2420 240 2456 Μὰ.
254 2413 388 2456 Δι’ὀῦιι
401 2418 533 2457 ἐκεῖνος
549 2420 688 2458 dicens,
703 2418 774 2458 Sed
791 2419 878 2458 ibid.
894 2418 1037 2457 medias
1056 2418 1151 2456 inter
1166 2417 1230 2455 has
1242 2429 1307 2455 ne·

56 2470 252 2522 gmiones,
273 2485 311 2510 ν.
328 2485 423 2525 793,
438 2494 483 2502 —
499 2472 549 2513 Νὴ
565 2474 625 2511 Δί’
638 2469 790 2525 οὖρέινιον
811 2472 854 2526 γ’
876 2471 954 2511 ὅσον
975 2471 1201 2510 affirmative
1215 2482 1309 2522 pro-

57 2525 248 2567 nuntians.
262 2524 374 2567 Plura
386 2538 438 2567 ex
450 2526 536 2574 eod.
549 2524 661 2568 facile
674 2530 829 2581 congeri
841 2525 994 2580 possunt
1004 2555 1016 2576 ,
1028 2524 1123 2580 quia
1134 2522 1309 2578 frequen-
