1764 3419
325 232 424 277 IN
489 232 988 278 TOXARIN.
1106 250 1281 297 ,437

20 314 251 355 Μνάσιππος
271 316 466 357 dicendum
483 313 616 357 fuisset.
628 318 730 357 Tum
754 318 793 356 δι
808 317 901 357 infra
918 318 962 357 de
980 327 1102 357 morte
1115 318 1284 371 Peregri-

20 369 63 408 ni
78 369 198 408 utitur
216 382 259 408 ea
273 378 372 410 voce
386 383 435 410 ex
456 369 519 410 sua
541 370 800 423 persona‚{7ri
822 373 885 410 τὶν
907 370 1096 422 ἁρμοστὴν
1112 371 1284 424 ἐπαχθῆ-

19 436 82 462 ναι
102 420 168 462 τῆς
183 423 322 462 Ἀσίας.
344 424 477 476 Itaque
495 425 570 463 alio
587 437 647 462 me
669 435 803 469 verto,
819 424 859 463 &
874 436 970 476 puto
983 453 992 470 ,
1015 423 1124 463 fuiffe
1143 437 1284 467 nomen

19 474 159 514 Graeci
178 476 431 529 magistratus,
447 489 525 516 non
543 477 721 516 Romani.
737 478 835 516 Nam
849 478 1013 523 civiliter,
1028 478 1066 516 &
1089 479 1285 518 moderate
1306 525 1311 531 ἱ

20 538 195 580 regentes
215 531 437 580 provincias
457 530 626 569 Romani
646 531 914 583 permittebant
935 531 1136 581 aliquando
1159 544 1288 583 popu-

22 581 93 627 lis,
108 593 148 620 ut
168 583 350 622 haberent
372 584 559 636 quandam
577 583 737 636 speciem
761 584 974 635 regiminis,
991 584 1031 623 &
1049 584 1287 637 magistratus

23 634 206 687 quosdam
228 648 275 675 ex
301 635 367 676 sua
388 648 521 689 gente,
535 637 601 676 fibi
619 649 745 675 tamen
767 637 961 683 subditos,
986 638 1023 676 δι
1046 637 1123 677 fine
1145 638 1288 677 iurisdi-

21 688 152 727 &ione
168 688 361 742 suprema,
376 691 435 729 led
451 703 603 729 morum
622 690 660 729 ὅ(
682 686 862 741 εἰ-ταξίας
883 704 1012 730 curam
1036 692 1226 731 habentes.
1245 692 1288 730 Id

23 742 118 781 mihi
132 741 260 782 suadet
280 744 455 783 Budaeus
474 744 513 781 in
534 745 821 783 commentariis
842 743 934 791 suis,
950 746 1014 796 qui
1031 745 1122 784 haec
1137 746 1208 784 ait:
1225 745 1288 797 ἑιρ·

21 793 211 847 μοστὶἶροις
230 796 386 836 ἐκάλουν
401 796 576 835 Ἀθηναῖοι
599 797 688 836 τοὺς
709 796 759 836 εἰς
780 800 824 836 τὸ
838 793 882 836 εἶ
897 797 959 848 ζῇν
981 797 1287 838 ὃιατᾷττοντοις.

21 847 243 901 Ignoratur‚
258 850 358 888 unde
373 851 410 889 id
425 851 613 903 acceperit
624 881 634 897 ‚
652 850 712 890 sed
727 863 774 889 ex
789 863 838 889 eo
860 850 951 890 loco
964 852 1169 903 colligitur,
1183 851 1289 892 fuiffe

16 902 187 942 'Athenis
205 902 440 956 ἁρμοστῆροις
459 905 494 942 id
506 935 517 951 ‚
534 904 638 955 quod
656 903 806 942 Romae
825 903 1035 956 Censores,
1055 906 1094 943 ἃ
1110 907 1226 944 credo
1243 907 1291 944 ad

30 957 224 1008 exemplar
244 957 457 997 Censorum
472 957 740 996 Romanorum
757 955 964 1005 institutos;
979 969 1063 996 nam
1082 959 1117 996 in
1134 960 1292 1011 antiqua

31 1006 314 1050 Atheniensium
332 1011 523 1063 republica
538 1013 582 1049 de
601 1011 644 1049 iis
662 1023 742 1050 non
755 1010 799 1049 fit
817 1011 961 1050 mentio
977 1011 1075 1063 apud
1089 1012 1287 1052 auctores:

31 1057 101 1096 ssis!
116 1058 242 1110 snt-fit,
257 1077 325 1104 cur
341 1065 392 1103 ita
412 1065 564 1104 locutus
584 1063 698 1104 fuerit
720 1065 931 1112 Lucianus,
949 1065 1039 1103 mibi
1061 1078 1138 1104 non
1156 1065 1290 1118 liquet.

31 1110 168 1151 PALM·
182 1114 284 1157 Haec
299 1118 339 1157 &
355 1118 424 1159 alia
443 1118 626 1157 nonnulla
640 1118 680 1156 in
698 1118 771 1158 hoc
785 1117 905 1164 libro,
925 1117 1095 1157 historias
1116 1118 1221 1158 hasce
1236 1118 1293 1158 fa-

33 1164 190 1205 bulasve
208 1172 384 1222 temporis
399 1171 472 1211 effe
491 1171 734 1217 recentioris,
756 1181 942 1224 arguunt,
961 1184 1049 1210 cum
1064 1172 1108 1211 de
1129 1173 1292 1225 imperio

33 1217 218 1259 Romano
233 1221 450 1266 hauddubie
465 1226 554 1264 haec
569 1225 808 1277 intelligenda
827 1224 909 1263 fint.
922 1225 1024 1263 Vide
1040 1226 1151 1263 etiam
1171 1238 1203 1264 c.
1225 1226 1268 1264 18
1282 1255 1294 1272 ,

39 1286 88 1326 32
108 1273 147 1312 &
172 1287 231 1326 33.
251 1279 423 1320 Βασιλεὺς
442 1280 571 1332 μέγας
593 1279 652 1318 hic
669 1279 722 1317 est
741 1277 954 1330 Imperator
975 1278 1198 1317 Romanus:
1220 1278 1292 1331 (de

35 1339 118 1378 quo
130 1327 243 1366 titulo
264 1328 418 1368 consule
431 1332 570 1386 Spanh.
597 1346 632 1384 p.
656 1331 766 1385 446.)
783 1345 870 1372 cum
887 1332 990 1370 Italia
1004 1332 1236 1379 nominetur,
1250 1332 1293 1370 &

37 1382 180 1432 Gyaros
192 1379 260 1420 sub
271 1382 567 1434 Imperatorihus
579 1385 695 1424 exfilii
711 1386 831 1425 locus.
843 1385 999 1424 SOLAN.
1012 1385 1196 1424 Nondum
1209 1385 1295 1424 satis

35 1435 152 1473 video
166 1434 300 1474 causae
311 1465 323 1480 ‚
338 1449 408 1476 cur
425 1437 497 1474 hac
505 1438 758 1495 appellatione
774 1452 853 1477 non
874 1438 1079 1478 praesidem
1095 1440 1135 1478 δι
1149 1439 1296 1478 Recio-

35 1499 117 1526 rem
133 1487 358 1528 Provinciae
378 1490 604 1532 ordinarmm
618 1524 629 1540 ‚
650 1506 731 1532 uno
746 1493 870 1531 verbo
890 1491 1161 1532 Proconsulem
1184 1492 1297 1531 Asiae

38 1541 313 1595 intelligamus;
331 1543 420 1582 licet
443 1556 522 1582 non
544 1544 711 1594 ignorem
725 1577 736 1594 ‚
755 1545 907 1585 summo
929 1547 1016 1585 viro
1042 1545 1103 1584 Ez.
1127 1546 1298 1597 Spanhe-

38 1596 121 1634 mio
136 1595 174 1634 in
188 1595 278 1636 loco
291 1596 419 1636 Nostri
431 1597 476 1635 de
491 1607 616 1635 morte
630 1596 815 1656 Peregrini
833 1599 848 1649 §
864 1614 888 1652 9
899 1630 912 1646 ‚
927 1600 994 1638 ubi
1009 1600 1135 1638 itidem
1151 1601 1197 1638 de
1211 1599 1298 1651 sup·

38 1648 153 1702 plicio
173 1650 306 1702 capitis
320 1651 457 1704 agitur,
472 1650 578 1689 aliter
595 1649 716 1689 visum
729 1667 839 1696 ‚cum
863 1653 1091 1693 intellexerit
1114 1654 1160 1692 de
1181 1653 1299 1705 magi-

41 1702 159 1743 stratu
176 1703 202 1743 l'.
216 1704 361 1756 Legato
372 1733 383 1751 ‚
396 1715 503 1744 extra
519 1703 690 1743 ordinem
704 1705 753 1742 ad
762 1708 978 1747 ordinandum
985 1708 1110 1759 flatum
1123 1708 1301 1746 liberarum

40 1758 217 1796 civitatum
230 1757 356 1806 miff03
371 1759 443 1797 vid.
461 1757 554 1798 Diff.
573 1771 634 1810 13,
645 1770 732 1810 pag.
750 1756 835 1809 586.
849 1761 985 1800 Libera
999 1761 1151 1812 quidem
1167 1760 1301 1800 civitas

41 1809 234 1864 Ephesus;
248 1810 309 1851 sed
333 1824 447 1865 quam
472 1823 597 1850 tamen
616 1809 876 1850 proconsulari
894 1814 1055 1867 ‘imperio
1075 1813 1301 1860 subieetam,

40 1863 128 1905 satis
140 1864 289 1904 aliunde
303 1864 461 1905 constat.
482 1865 692 1906 Lucianum
715 1876 792 1903 non
812 1862 957 1916 semper
971 1867 1200 1907 sqlemnibus
1213 1867 1302 1906 Ro-

44 1931 246 1958 manarum
266 1919 493 1970 dignitatum
512 1918 826 1971 appellationibus
839 1918 895 1956 uti
905 1947 917 1962 ‚
930 1916 946 1968 (
959 1920 1046 1955 nam
1058 1921 1229 1973 alioquin
1245 1921 1305 1960 hic

44 1972 261 2012 ἀνθύπατος
274 1973 527 2011 nominandus
538 1971 636 2024 erat)
654 1971 715 2011 vel
729 1972 813 2011 inde
826 1970 910 2011 satis
923 1982 1080 2022 apparet
1091 2001 1101 2016 ‚
1121 1975 1224 2021 quod
1241 1974 1306 2012 sta-

44 2026 117 2065 tim
132 2029 197 2065 ‘rbi‘
209 2026 339 2080 μέγαν
358 2025 530 2071 βασιλέα,
545 2025 726 2079 appellat,
743 2025 807 2077 qui
825 2025 945 2077 magis
957 2024 1112 2076 proprie
1127 2021 1308 2075 αὐτοκρά-

45 2094 119 2131 τωρ
142 2091 225 2119 erat
247 2080 438 2119 dicendus.
465 2079 584 2172 (guae
608 2092 667 2118 res
690 2091 871 2131 magnum
896 2076 1015 2130 ipsum
1045 2076 1241 2119 Erasmum
1269 2078 1310 2115 in

47 2132 221 2173 fraudem
236 2133 404 2180 induxit,
421 2144 462 2172 ut
504 2132 670 2172 ersarum
683 2145 810 2184 regem
824 2132 1149 2184 interpretaretur.
1164 2131 1311 2170 Eodem

51 2187 171 2227 modo
185 2186 284 2226 infra
303 2187 340 2226 in
363 2186 551 2226 Demetrii
565 2198 681 2239 atque
695 2185 883 2238 Antiphili
899 2184 1052 2223 historia
1066 2197 1098 2224 c.
1114 2198 1159 2237 32
1183 2199 1314 2237 συναρ-

49 2240 196 2293 μοστὴν
217 2241 383 2293 legatum
398 2240 574 2281 praesidis
590 2241 754 2279 arbitror
767 2238 931 2291 intelligi.
949 2238 1076 2278 GESN.
1092 2238 1200 2276 Adde
1215 2239 1311 2276 idem

51 2294 223 2347 pluribus
242 2293 533 2334 confirmantem
547 2293 771 2345 Weffeling.
785 2294 829 2331 ad
843 2292 959 2337 Diod.
972 2291 1042 2331 Sic.
1063 2291 1153 2330 XIIl
1164 2322 1174 2338 ,
1190 2304 1222 2329 c.
1237 2292 1286 2330 66
1299 2319 1311 2338 1,

50 2349 128 2388 No.
144 2361 190 2396 4,
203 2346 240 2386 ὃν
256 2346 284 2386 οἱ
299 2348 466 2387 Λέικωνες
485 2346 673 2399 ἁρμοστὴν
700 2346 871 2386 ἐκάλουν·
886 2346 952 2385 ubi
973 2346 1061 2385 licet
1082 2344 1316 2396 magistratus

53 2402 228 2442 Graecus
253 2401 500 2453 intelligatur,
523 2411 652 2440 tamen
677 2400 751 2440 hac
775 2399 980 2439 occasione
1005 2398 1052 2437 ad
1073 2396 1314 2437 refutandum

50 2454 285 2499 ‘Palmerium
301 2455 433 2494 utitur.
446 2454 588 2493 REl'rz.

77 2529 80 2533 ·
109 2511 182 2549 ead.
196 2509 220 2549 l.
238 2521 297 2548 10.
311 2507 470 2550 Βασιλεῖ
477 2507 530 2558 τῷ
541 2506 726 2561 μεγάλῳ)
741 2505 930 2556 Erasmus,
945 2507 993 2599 αὲἰ
1006 2503 1185 2553 Perfizrum
1199 2516 1314 2556 regem.

1000 2570 1021 2599 θ
1052 2572 1071 2611 3
