1764 3419
267 206 340 251 m
375 204 622 251 LUCIUM
657 203 796 251 SIVE
831 203 1082 251 ASINUM.
1211 210 1300 272 465

44 302 138 333 rano
156 291 248 332 mari
261 299 328 331 re'x
340 321 352 340 ,
369 293 557 343 tricorpor
577 290 681 331 fuiffe
693 290 862 343 fingitur,
877 291 928 331 ob
949 291 1304 336 administrationem

45 348 149 397 regni
165 359 251 386 cum
268 346 416 384 duobus
429 344 607 384 fratribus
620 343 956 384 concordiffimam.
977 344 1086 391 Sunt,
1104 348 1169 398 qui
1188 349 1302 388 trium

44 395 337 451 Hispanicarum
360 397 565 437 insularum
579 410 705 451 regem
719 397 884 445 faciunt,
900 397 1138 438 Balearidum
1149 399 1196 440 sc.
1211 402 1303 446 duaf

46 464 132 497 rum
147 482 161 499 ,
178 452 220 492 &
240 450 366 491 Ebufi.
380 451 524 492 COGN.

1161 566 1300 580 ᾔ

195 566 950 580 *αι-ψ*-

144 641 227 686 ΙΝ
283 641 592 687 LUCIUM
642 640 825 687 SIVE
877 641 1204 689 ASINUM.

55 719 61 765 j
95 718 186 772 Pag.
203 720 324 772 131.l.
339 733 368 759 1.
382 719 604 773 ΛΟΎΚΙΟΣ)
616 719 756 760 Lucius
768 721 826 761 hic
835 751 848 767 ‚
861 721 1030 775 quisquis
1044 723 1192 762 tandem
1204 721 1297 772 fuit,

42 769 233 824 Patrensem
251 771 387 812 sedicit
402 786 431 813 c.
448 787 506 825 55,
526 774 590 813 ubi
612 774 656 813 de
680 786 817 826 genere
838 773 906 814 suo
924 778 1102 828 vitaeque
1124 776 1296 817 instituto

72 825 155 865 lura
171 826 248 879 ipse
262 838 401 866 narrat.
416 827 507 866 Non
521 826 643 865 censet
659 827 888 867 Lucianeum
902 829 999 868 Tan.
1015 829 1148 877 Faber,
1160 843 1239 870 not.
1251 832 1297 870 ad

41 840 198 919 ghaedr.
220 894 289 933 173
303 879 349 919 C.
362 879 519 920 Photius
536 880 708 920 Luciano
723 881 973 921 tribuit.Vide
989 882 1086 922 Cod.
1108 882 1296 933 CXXIX,

41 933 110 971 ubi
130 933 264 972 titulus
276 934 358 972 eius
377 933 460 972 libri
473 935 806 985 μεταμορφώσεων
828 935 933 988 λόγοι
950 935 1133 987 Σιάφοροι.
1150 937 1296 989 Apule-

41 986 102 1025 ius
115 999 164 1025 ex
179 987 251 1027 hoc
266 999 334 1026 aut
344 987 468 1026 Lucio
484 986 559 1039 ipse
572 988 700 1025 omnia
716 987 840 1027 habet.
853 989 950 1028 Vide
965 988 1115 1028 Salmas.
1131 991 1230 1042 prol.
1249 993 1297 1030 ad

41 1035 206 1079 Exercit.
225 1040 318 1079 Plin.
333 1039 420 1080 AG.
431 1039 486 1078 111
499 1069 508 1085 ‚
522 1052 560 1078 n.
577 1053 613 1079 n.
629 1053 666 1079 n.
680 1053 716 1078 n.
737 1041 776 1080 δι
788 1041 978 1095 Lamprid.
993 1043 1199 1084 Commod.
1211 1058 1295 1097 cap.

46 1105 62 1131 1
74 1107 88 1131 1
97 1124 108 1139 ,
119 1093 186 1132 ubi
198 1092 291 1146 Imp.
305 1105 445 1133 nomen
455 1093 533 1132 ’όνος
544 1093 617 1133 &c.
633 1094 870 1134 Memoratut
884 1096 981 1147 apud
993 1094 1159 1135 Philostr.
1171 1098 1209 1135 in
1222 1099 1296 1137 He·

38 1147 142 1186 rodis
156 1148 234 1186 vita
248 1161 283 1200 p.
299 1148 371 1199 556
386 1147 526 1186 Lucius
539 1147 690 1198 quidam
699 1147 788 1197 ἀνὴρ
798 1151 911 1199 σοφὸς
922 1178 930 1186 .
945 1179 953 1187 .
967 1178 973 1186 .
986 1149 1022 1187 ἐν
1036 1148 1111 1188 τοῖς
1125 1152 1295 1203 φανεροῖς

40 1198 260 1240 σπουδαῖος.
290 1199 482 1249 Μουσωνίῳ
504 1199 557 1249 τῷ
576 1200 686 1249 Τυρίῳ
710 1198 1016 1253 προσ-φυσήσας.
1034 1231 1042 1240 .
1061 1202 1295 1243 ,ἐπιτηὲειό-

38 1267 160 1293 vetros
174 1252 230 1301 τῷ
242 1253 385 1305 Ἥρω-ῃ.
399 1254 469 1292 Vir
481 1254 595 1292 etiam
611 1252 770 1301 facetus,
787 1255 827 1293 ὅ(
844 1256 898 1293 Μ.
914 1255 1096 1302 Aurelio,
1112 1266 1154 1294 ut
1173 1269 1221 1295 ex
1242 1256 1294 1297 se-

41 1307 248 1359 quentibus
263 1317 387 1360 patet,
404 1305 607 1346 familiaris.
627 1306 783 1347 SOLAN.
807 1307 900 1346 Non
919 1308 963 1347 de
985 1308 1106 1348 nihilo
1128 1309 1293 1359 videtur,

37 1361 145 1414 quod
160 1361 259 1412 apud
274 1360 453 1399 Photium
467 1359 565 1399 Cod.
586 1373 657 1412 129
669 1389 680 1406 ,
697 1374 733 1413 p.
753 1361 821 1413 165
840 1361 1041 1401 Hoeschel.
1057 1362 1113 1401 bis
1128 1374 1292 1403 vocatur

38 1410 101 1454 hic
114 1414 261 1454 libellus
283 1414 444 1454 Λουκὶςῆ
468 1414 561 1460 ἕνας,
585 1414 761 1453 nimirum
786 1427 829 1453 ut
840 1414 973 1461 Ἀτθὶς,
994 1426 1037 1455 ut
1055 1417 1195 1455 Aeneis
1216 1417 1292 1458 δίε.

35 1468 116 1521 agit
130 1468 228 1507 enim
245 1468 290 1507 de
304 1468 417 1507 rebus
431 1467 552 1507 Lucii.
565 1466 746 1506 Ceterum
763 1466 841 1506 fere
858 1467 932 1516 est,
948 1480 989 1507 ut
1003 1467 1174 1508 affentiar
1190 1469 1291 1511 Pho-

37 1523 98 1561 tio
113 1522 138 1560 l.
155 1534 187 1562 c.
203 1534 253 1561 eo
271 1521 488 1568 inclinanti,
509 1533 531 1560 e
554 1521 659 1561 Lucii
678 1520 859 1560 Patrenfis
873 1522 1057 1575 ampliore
1076 1524 1293 1564 narratione

41 1570 140 1614 hanc
164 1575 386 1615 breviorem
409 1588 431 1614 a
454 1575 626 1614 Luciano
647 1573 903 1623 contraxeram,
923 1575 1100 1627 adspersis
1124 1577 1209 1615 hinc
1232 1578 1294 1616 in-

37 1630 87 1668 de
106 1630 226 1675 iocis,
242 1628 378 1681 quibus
396 1641 478 1668 non
497 1627 593 1667 serio
613 1626 680 1666 ista
699 1629 843 1666 narrari
863 1628 1085 1668 ostenderet.
1100 1629 1293 1671 Pleniores

38 1683 149 1723 Lucii
172 1683 293 1723 libros
305 1695 392 1722 cum
414 1691 498 1721 tota
521 1681 674 1720 illorum
694 1680 952 1733 superstitione
971 1681 1120 1722 secutus
1143 1684 1292 1725 videtur

38 1736 226 1789 Apuleius
236 1767 249 1784 ,
266 1737 374 1776 cuius
385 1735 521 1775 ultimo
534 1733 746 1788 praesertim
765 1735 867 1774 libro
887 1733 1052 1775 fanatica
1067 1748 1199 1789 regnat
1210 1751 1292 1778 cre·

37 1790 196 1834 dulitas,
210 1790 251 1829 &
272 1791 396 1829 exitus
418 1787 522 1841 quafi
545 1789 708 1840 tragicus
728 1787 814 1827 finit
836 1787 1023 1838 fabulam3
1039 1801 1082 1829 ut
1098 1792 1292 1840 comicus,

38 1844 103 1895 vel
117 1843 303 1896 satyricus
316 1843 443 1896 potius
454 1871 465 1890 ‚
479 1842 725 1882 Lucianeam.
738 1841 865 1881 GESN.
1010 1886 1015 1889 ,

22 1897 24 1899 ’
94 1901 168 1936 ead.
181 1898 205 1936 l.
222 1912 257 1936 2.
267 1896 415 1948 Ἀπξιειν
431 1915 475 1926 --
488 1895 734 1945 συμβόλαιον)
751 1896 892 1935 Lucius
903 1925 913 1942 ,
933 1896 999 1949 qui
1017 1895 1145 1948 postea
1164 1897 1291 1937 asinus

37 1951 196 1999 evadet,
217 1950 269 1989 ita
287 1949 400 2005 ‘sanam
425 1949 539 2002 ipsius
562 1948 755 1988 historiam
778 1949 950 1996 inchoat,
969 1949 1116 2000 ’Amstew
1138 1951 1233 1990 ποτὲ
1254 1952 1292 1991 ἐς

36 2003 276 2050 Θετταλίαν,
297 2005 336 2044 ἦν
358 2003 407 2043 se'
423 2018 488 2054 μοι
510 2001 694 2056 πατρικόν
715 2017 754 2041 τι
783 2003 1012 2052 συμβόλαιον
1031 2002 1211 2056 &nefor-pke
1228 2005 1294 2044 ἄν·

34 2061 180 2110 βρωπον
204 2056 425 2110 ἐπιχώριον.
442 2055 670 2096 Inscitiffime
689 2056 896 2109 interpres,
916 2059 998 2095 Cum
1020 2057 1056 2094 in
1077 2057 1292 2108 leeffizliam,

42 2113 102 2150 ubi
116 2113 281 2163 quoddam
294 2112 376 2149 mihi
387 2121 562 2164 paternum
574 2122 647 2149 erat
659 2109 822 2163 negotium
838 2124 912 2148 cum
925 2111 995 2148 eius
1004 2110 1111 2162 gentis
1124 2112 1209 2159 viro,
1215 2127 1296 2164 pro.

33 2165 212 2217 ficifterer.
231 2163 375 2204 Verte:
394 2164 498 2211 Fuit,
518 2179 592 2203 cum
609 2163 832 2217 proficiscerer
848 2164 883 2202 in
901 2163 1098 2215 leeffaliam
1107 2179 1124 2212 ;
1145 2176 1216 2203 erat
1229 2180 1296 2203 au·

21 2231 103 2258 Jem
115 2219 198 2257 mihi
210 2233 233 2256 a
240 2229 338 2268 patre
352 2218 422 2256 illic
434 2218 544 2256 relit‘la
562 2217 803 2270 hospitalitatis
822 2217 935 2269 testera
947 2232 1023 2256 cum
1038 2218 1107 2255 eius
1120 2218 1226 2269 gentis
1239 2220 1297 2257 νὶ-

38 2288 89 2312 ros
113 2271 176 2311 De
201 2270 344 2311 tesseris
364 2271 458 2318 illis,
480 2269 669 2311 beneficio
690 2270 952 2317 eruditorum,
977 2283 1036 2311 res
1059 2283 1152 2310 nota
1173 2271 1225 2311 est
1248 2282 1294 2310 ac

38 2324 208 2365 discuffa.
223 2324 329 2364 laxs.

90 2380 170 2418 ibid.
185 2375 437 2429 Θετταλίαν)
463 2375 649 2417 Graeciae
671 2376 890 2431 regionem,
907 2376 1015 2417 cuius
1038 2387 1187 2416 montes
1207 2375 1295 2416 sunt

16 2445 92 2481 ’34
113 2431 349 2478 nobiliffimi,
370 2430 527 2471 flumina
548 2443 706 2484 quoque
727 2431 933 2484 insigniora
953 2431 1120 2483 aliquot,
1140 2431 1180 2470 &
1199 2432 1295 2470 inter

40 2485 206 2526 celebres
225 2485 338 2525 urbes
355 2485 535 2576 HlypaJa,
555 2484 688 2526 Patara
699 2515 711 2535 ,
730 2485 796 2525 ubi
816 2485 961 2538 Apollo
978 2485 1097 2579 gabat
1120 2482 1297 2537 responsa

148 2539 293 2580 [mian.
325 2539 360 2577 V
359 2554 378 2578 0
394 2568 404 2579 .
437 2540 473 2577 V
493 2568 502 2580 .
1031 2550 1056 2590 g
