1764 3419
0 2559 2 2613 l

0 2627 2 2690 Ι

272 249 341 299 IN
375 249 585 298 lovEM
619 245 1049 295 TRAGOEDUM.
1135 272 1137 275 -
1204 259 1288 313 543

93 339 165 377 ead.
189 337 212 377 l.
230 351 265 378 2.
290 333 397 385 Αὖτῷ
414 341 477 374 Moe
498 335 634 389 αθιῖνι)
650 336 783 387 Pugna
807 335 907 374 enim
929 333 1169 374 Marathonia
1190 336 1226 374 in
1246 350 1293 376 ea

40 392 193 452 porticu
208 391 361 444 publice
374 391 459 443 depi
483 391 520 428 ta
535 389 656 428 fuerat
668 419 680 435 ‚
695 390 733 428 δι
748 389 927 428 Miltiadis
938 389 1071 428 virtuti
1093 388 1217 426 datum
1230 420 1240 435 ,
1256 403 1295 428 uc

42 459 79 483 m
93 448 197 483 decem
206 457 395 497 praetorum
406 458 538 485 numero
549 444 658 495 prima
672 443 742 480 eius
758 444 868 493 imago
880 454 1068 495 poneretur,
1083 441 1210 494 ipseque
1222 445 1295 480 hor-

40 509 168 536 taretur
180 497 308 544 milites,
318 497 539 549 proeliumque
549 496 769 541 committeret,
791 495 881 535 teste
895 494 1014 534 Corn.
1030 495 1129 547 Nep.
1143 495 1177 532 in
1194 495 1295 534 Milr.

40 549 106 591 De
118 549 342 602 Cynaegiro
357 579 368 594 ,
393 551 499 601 quod
523 547 678 587 afferam
692 578 703 596 ‚
726 548 817 586 nihil
839 549 984 596 habeo,
1008 547 1077 586 nisi
1099 548 1202 599 quod
1222 547 1295 586 sta-

41 613 146 642 tuam
163 604 195 643 ei
211 616 362 642 aeneam
379 602 519 641 nullam
536 601 643 640 fuiffe
658 601 801 640 constat
813 614 860 640 ex
874 608 1021 651 Δημων.
1036 614 1068 640 c.
1090 615 1105 653 5
1139 630 1145 637 .
1164 601 1296 653 Imagi-

42 669 131 695 nem
145 655 251 695 fuiffe
265 657 393 703 credo,
412 655 532 707 qualis
545 655 723 693 Miltiadis
735 655 794 693 illa
806 656 845 694 δι
858 656 1105 708 reliquorum.
1159 668 1178 692 e
1192 654 1295 694 Rhe-

40 709 191 749 toribus
206 709 310 761 quod
323 709 443 756 addit,
457 707 660 747 illustratur
674 721 722 747 ex
737 708 828 748 Ῥιιτ.
841 721 922 761 cap.
943 707 986 747 18
1000 738 1014 754 ‚
1034 720 1148 760 quem
1162 708 1294 747 locum

42 762 118 815 ipse
136 762 317 815 inspicito.
336 762 493 800 SOLAN.
692 790 699 795 .

94 819 166 855 ead.
189 817 211 855 l.
226 831 263 864 4.
279 815 347 855 Τὴν
361 814 550 868 μεγίστην
566 836 610 844 --
632 811 827 867 ὑπέθεσιν)
851 813 1068 853 Ridiculum
1092 826 1294 866 argumen-

40 879 120 909 tum
133 898 142 916 ,
159 869 200 908 &
219 869 335 908 simile
350 869 427 914 illi,
449 868 515 919 qui
534 878 649 919 caput
668 866 735 906 fibi
751 880 797 906 ne
816 868 1093 919 praecideretur
1117 869 1295 919 depreca-

41 934 103 962 tus
116 953 128 968 ,
148 922 239 961 illud
255 921 491 967 causabatur,
505 920 541 959 se
565 933 642 959 non
662 921 878 959 habiturum
893 951 904 969 ,
920 922 984 959 ubi
1005 921 1144 972 pileum
1170 923 1296 973 impo-

0 1024 1 1027 ,
41 986 160 1016 neret.
174 976 322 1028 Nempe
336 975 474 1015 deridet
489 974 745 1014 iusiurandum
760 975 849 1013 illud
863 973 1129 1013 Demosthenis
1141 1005 1153 1019 ,
1170 970 1219 1012 Οὐ
1235 976 1296 1024 μα

40 1029 127 1069 τοὺς
145 1029 179 1069 ἐν
203 1028 393 1081 Μαραθῶνι
409 1026 816 1079 mamystanae-etwas,
830 1028 936 1078 quod
951 1027 1131 1080 expendit
1152 1028 1296 1080 Longi-

38 1094 112 1122 nus
127 1081 152 1121 s.
169 1083 228 1130 16,
241 1082 307 1121 ubi
320 1082 463 1127 omnia,
481 1093 580 1134 quae
602 1082 662 1120 hic
681 1082 750 1120 dici
771 1080 937 1132 possent,
958 1082 1032 1119 viri
1050 1081 1171 1128 docti,
1188 1094 1295 1134 prae-

38 1134 166 1175 sertim
191 1136 355 1176 Tollius.
376 1135 474 1175 Add.
495 1144 622 1174 tamen
647 1134 848 1187 Spanhem.
875 1134 920 1174 ad
943 1133 1185 1188 Aristophan.
1208 1140 1294 1185 Νεφ.

14 1209 17 1214 Α
42 1189 131 1243 982.
151 1188 277 1229 GEsN.

95 1244 168 1282 ead.
182 1244 205 1283 l.
221 1244 256 1283 6.
267 1240 457 1295 ''1542qu
480 1241 551 1281 Ms.
570 1240 647 1281 Ox.
664 1240 822 1280 SOLAN.

91 1298 166 1336 ead.
182 1298 204 1335 l.
218 1310 254 1348 9.
276 1293 414 1335 Οὐκοῦν
429 1296 490 1334 καὶ
506 1294 648 1346 ὁπότε)
664 1294 844 1334 Ducibus
867 1293 953 1334 Mff.
975 1293 1095 1347 Regg.
1117 1308 1187 1347 295
1199 1306 1228 1346 5.
1254 1294 1296 1334 ⁴&

42 1362 113 1402 30¹
127 1363 155 1388 1.
173 1350 396 1390 inseruimus
413 1349 505 1388 illud
518 1349 582 1388 καὶ
602 1349 700 1388 inter
720 1343 845 1388 οὐκοῦν
860 1347 900 1387 &
918 1347 1047 1396 ὁπότε,
1061 1349 1164 1400 quod
1182 1350 1295 1400 igno-

40 1403 176 1442 rabant
197 1404 279 1443 edd.

94 1457 182 1509 Pag.
204 1459 290 1510 263.
306 1458 329 1496 l.
348 1468 378 1508 5.
393 1454 435 1495 ‘O
462 1455 651 1508 κωμιιὸος)
682 1453 978 1507 Aristophanes,
1001 1453 1063 1494 sed
1083 1454 1191 1495 locus
1215 1466 1295 1494 non

37 1507 232 1550 succurrit.
247 1512 300 1550 V.
311 1516 459 1564 Συγγρ.
473 1522 505 1549 c.
522 1523 584 1558 41.
597 1508 758 1548 SoLAN.
1068 1548 1070 1550 ,

91 1566 164 1602 ead.
176 1563 199 1602 l.
212 1565 249 1604 6.
269 1566 402 1616 Μακρα
416 1563 564 1616 χαίρειν
584 1562 736 1615 φράσας
754 1559 842 1601 ταῖς
856 1559 1016 1611 τιμαῖς)
1038 1560 1143 1601 Solet
1159 1563 1295 1602 aneton·

41 1616 166 1656 dicere
179 1620 309 1668 μακρὰ
321 1648 330 1665 ,
353 1617 465 1670 idque
484 1617 633 1655 videtur
646 1615 948 1655 convenientius.
968 1614 1009 1653 In
1025 1614 1168 1654 Asino:
1186 1614 1297 1668 κᾴγὼ

41 1669 123 1709 τοῖς
137 1670 424 1723 παρακειμένοις
437 1669 623 1722 κριθιέίοις
635 1671 764 1720 μακρὰ
783 1669 930 1722 χαίρειν
945 1669 1078 1721 λέγων.
1093 1668 1136 1707 In
1151 1668 1294 1711 Gallo:

43 1721 60 1760 ὅ
87 1723 298 1776 Ἀχιλλέως
322 1721 445 1764 ἵππος
467 1724 595 1776 μακρὰ
617 1723 764 1776 χαίρειν
794 1724 949 1774 φρασας
973 1721 1024 1771 τῷ
1045 1721 1299 1776 χρεμετίζειν.

43 1775 182 1829 Pagina
208 1789 333 1817 tamen
359 1791 454 1830 229:
477 1778 624 1827 μακρὰν
650 1776 797 1829 χαίρειν
819 1775 896 1815 τοῖς
920 1775 1044 1814 πόνοις
1067 1776 1297 1827 φράσαντες,

20 1882 22 1884 ¹
45 1828 187 1870 GRON.
208 1833 341 1882 Μακρὲι
357 1829 530 1884 χαίρειν)
547 1830 654 1881 Quia
678 1829 728 1868 s1c
752 1829 862 1881 supra
876 1829 982 1868 Asin.
1002 1841 1084 1882 cap.
1106 1830 1177 1877 46,
1200 1828 1296 1869 infra

45 1882 146 1923 Gall.
161 1897 193 1924 c.
210 1899 230 1922 2
241 1913 252 1931 ‚
268 1896 382 1936 atque
397 1884 485 1923 alibi
498 1885 596 1936 apud
613 1883 792 1923 Nostrum
808 1883 1013 1929 invenitur,
1031 1882 1071 1921 δι
1087 1881 1184 1921 Cod.
1206 1881 1243 1921 P.
1261 1882 1299 1922 id

46 1935 275 1989 suppeditat,
294 1938 369 1977 hoc
390 1937 569 1989 vulgatae
586 1939 737 1988 μακρὰν
759 1937 933 1989 praetuli·
950 1937 1126 1988 Namque
1149 1938 1190 1975 δι
1209 1936 1299 1974 Ari-

46 1989 172 2043 stoph.
188 1991 238 2031 Pl.
256 1993 347 2037 612,
357 1993 487 2042 μακρὰ
503 1992 645 2031 κλάειν.
659 1990 751 2029 Item
768 1990 865 2030 Eccl.
879 2003 969 2042 425,
986 1990 1025 2028 δι
1042 1988 1168 2041 paffim
1182 2019 1193 2034 ‚
1215 2002 1297 2029 non

45 2046 210 2096 μακράν.
222 2044 401 2085 Gronov.
417 2044 517 2084 reEte
529 2044 683 2097 quidem
698 2055 805 2082 notat
816 2073 829 2089 ,
841 2043 935 2082 infra
956 2053 1083 2082 tamen
1101 2044 1138 2081 in
1150 2043 1214 2082 Bis
1235 2056 1297 2083 ac-

47 2097 182 2138 cusato
192 2128 205 2144 ,
215 2098 338 2152 vulgo
353 2098 466 2138 etiam
479 2100 630 2149 μακρὲιν
648 2097 796 2150 χαίρειν
810 2097 906 2149 legi,
924 2096 983 2157 (κζ.
998 2096 1078 2135 eius
1096 2095 1198 2134 Dial.
1211 2107 1299 2148 cap.'

48 2151 200 2244 {2233st
212 2153 328 2244 :3523
348 2149 1299 2244 ffgncffissssli‘lssssffau‘fflssffssesic'‘Zffessff‘dfifffihffi

49 2220 356 2298 verius‘zidgtu'r.
377 2259 480 2299 Licet
497 2261 646 2310 μακρὰν
670 2218 750 2297 ηοῗι
767 2258 930 2297 omnino
951 2232 1131 2295 damnare
1155 2254 1301 2301 ausim3

51 2312 142 2363 quid
173 2313 349 2365 prohibet
374 2312 412 2352 id
437 2311 619 2351 affumere
630 2341 642 2360 ‚
670 2311 776 2364 quod
799 2309 1002 2350 manifesto
1026 2310 1190 2363 probum
1219 2307 1300 2348 est?

51 2364 214 2458 RIZIZIZI.
228 2432 265 2470 7.
280 2419 350 2473 Καὶ
365 2417 510 2471 κνίσσῃ)
522 2418 681 2458 Homer.
699 2416 836 2469 Odyff.
849 2421 877 2455 Α
888 2447 900 2465 ,
916 2416 1004 2458 606.
1020 2416 1178 2457 SOLAN.

104 2476 176 2511 ead.
189 2473 211 2512 l.
228 2487 242 2511 1
254 2486 286 2512 1.
302 2474 377 2525 Εὐγ
385 2476 421 2522 ε)
439 2471 640 2525 Εἰρωνικῶς.
657 2472 823 2512 GUYET.

106 2526 184 2568 ibid.
199 2526 340 2569 Οὲκοθεν
360 2525 376 2565 ὅ
391 2525 562 2580 μάρτυς)
579 2525 682 2579 Testis
704 2525 904 2579 domesticus.
923 2523 1021 2564 Dixi
1039 2523 1085 2565 de
1110 2522 1186 2564 hoc
1206 2528 1301 2576 proi
