1764 3419
446 218 534 281 358
791 219 836 265 v
902 220 943 263 A
1001 219 1057 264 Τ.
1125 219 1144 263 1
1209 219 1251 262 A
1316 220 1351 264 f.

441 321 494 345 κα
507 306 561 346 O.
617 308 642 347 l.
659 322 693 347 2.
707 308 786 347 Οἴει
799 308 817 357 )
832 305 1063 348 ὑποπτεύεις
1078 306 1130 347 O.
1185 307 1209 345 l.
1223 321 1256 359 3.
1267 309 1377 359 Παρέι
1389 307 1406 359 )
1420 308 1525 347 Nota
1540 308 1621 361 περὶ
1636 308 1698 348 hic

441 361 542 400 male
558 359 610 401 O.
625 373 668 401 ut
683 375 775 402 mox
793 363 832 401 δι
850 361 968 413 saepe.
989 361 1067 401 Nifi
1086 361 1130 399 fit
1149 362 1414 411 compendium
1430 359 1499 400 τῆς
1517 363 1698 414 παρόιΝ.

440 414 490 453 ad
501 427 583 467 cap.
603 414 639 454 8.
694 416 718 454 l.
733 432 772 463 4.
784 416 828 454 Δ’
841 415 912 466 ἂν)
927 413 1017 468 γοῦν
1030 414 1100 454 Ex.
1112 414 1166 451 fl.
1181 415 1221 453 ὃς
1235 427 1354 468 marg.
1372 418 1422 454 A.
1441 429 1472 453 1.
1489 415 1698 468 Vulgatam

439 467 566 508 servat
577 467 617 507 P.
654 468 679 515 l.
692 471 726 508 6.
744 468 896 520 Ἐκείνη)
908 468 1048 509 ἐκείνων
1065 467 1103 506 Ρ.
1116 467 1156 507 L.
1172 467 1364 520 Vulgatae
1376 467 1458 507 edd.
1474 467 1629 508 lefikioni
1644 467 1702 507 as-

439 521 600 561 sentitur
613 521 669 560 Η.
724 522 747 559 l.
766 536 802 574 9.
817 519 996 560 Τοσαῦτα
1009 524 1099 573 πρὶς
1117 519 1195 569 μὲ)
1212 521 1299 560 Hoc
1315 521 1451 560 reddidi
1466 521 1635 561 Luciano
1649 535 1698 573 ex

439 575 485 615 L.
501 575 551 615 O.
567 575 602 613 P.
618 574 655 612 ἃ
674 587 790 627 marg.
806 576 879 613 Aa
894 579 948 613 W.
966 574 1058 626 Πρός
1068 588 1118 624 με
1134 572 1301 613 τοιαῦτα
1317 575 1401 613 edd.
1441 574 1465 613 l.
1486 589 1544 625 ¹3·
1559 573 1697 615 Πάντα

439 626 714 680 artemius)
730 628 836 667 ἑπιτ.
854 627 1017 666 ἅπαντα
1037 627 1144 666 ἑκτὶς
1156 626 1211 666 Ο.
1253 630 1325 666 ead.
1343 628 1487 676 Ἐκτῖος)
1501 627 1646 667 Deerat
1659 629 1697 668 in

439 681 524 720 edd.
545 681 680 721 Addidi
695 694 741 719 ex
753 680 803 720 O.
823 680 860 719 P.
888 681 912 719 l.
930 695 987 729 14·
1002 683 1219 730 Μεταμέλει
1236 680 1320 732 σοι)
1335 682 1599 730 μετααελὴσει
1619 695 1697 721 ma-

439 735 476 774 le
491 733 555 787 O..
572 737 645 785 ead.
659 733 936 786 Μετατιὲεσοιι)
951 735 1102 774 ἁνατ-
1122 734 1219 774 male
1234 735 1287 773 H.
1304 735 1506 800 Vulgatam
1524 734 1645 774 servat
1657 733 1696 773 P.

439 789 466 827 l.
486 801 496 824 ι
511 800 543 840 5.
556 787 815 839 Ἐπιμελειας)
830 783 958 838 εὖμελ.
972 789 1026 826 Η.
1056 788 1146 838 Pag.
1162 801 1204 825 21
1216 802 1248 826 2.
1263 789 1286 826 l.
1301 802 1334 840 9.
1354 787 1486 828 ovsek
1499 787 1563 842 se)
1577 783 1696 828 οὐδεὶς

439 842 561 882 τοίνυν
575 840 619 882 δὲ
636 854 752 894 marg.
766 843 817 880 A.
836 855 867 880 1.
922 841 946 879 l.
964 855 1021 880 10.
1037 841 1249 894 Τεχνίτης)
1265 841 1280 879 ὃ
1296 842 1482 896 τεχνίτης
1491 841 1545 881 Ο.
1598 842 1622 882 l.
1639 856 1695 881 12.

441 890 575 936 Οὕτως
589 894 798 949 ἀνάλογον)
813 892 1006 947 ἀνάλογον
1018 899 1138 933 τοίνυν
1151 894 1202 934 Ο.
1216 894 1257 934 &
1271 895 1307 934 P.
1355 897 1380 934 l.
1396 894 1575 948 13.²'Apoe)
1589 894 1696 947 εἶπες

438 946 514 999 ἄρα
526 948 575 990 O.
606 949 630 987 l.
649 963 662 988 1
671 966 704 997 4·
723 948 869 1001 Μοιρῶν·
883 948 966 1000 καὶ)
978 948 1108 987 Ambo
1122 949 1276 988 deerant
1291 949 1326 988 in
1338 949 1366 988 1.
1377 950 1544 988 Aderant
1558 949 1596 988 in
1607 960 1695 989 cett.

437 1002 478 1042 ἃ
495 1001 572 1042 Ox.
601 1002 625 1041 l.
641 1004 698 1042 16.
712 1001 890 1054 Θυσιάις)
903 1002 966 1041 Sic
976 1003 1058 1042 dedi
1069 1015 1116 1040 ex
1131 1001 1181 1042 G.
1195 1001 1357 1042 1..O.&
1376 1015 1496 1055 marg.
1509 1003 1560 1043 A.
1576 1017 1606 1042 1.
1621 1016 1694 1056 pro

437 1056 588 1105 τιμαῖς,
609 1057 717 1108 quod
733 1058 770 1095 in
784 1056 868 1095 edd.
890 1067 981 1095 erat.
1038 1057 1126 1108 Pag.
1143 1069 1164 1094 2
1177 1070 1185 1094 ι
1197 1070 1229 1108 3.
1244 1056 1267 1093 l.
1285 1057 1416 1104 ι.’Ὰν)
1436 1055 1570 1096 Abesse
1581 1057 1628 1095 ab
1641 1056 1694 1096 Ο.

437 1108 537 1161 ἱὸν-,δι
551 1111 603 1150 εἰς
619 1121 727 1149 notat
746 1110 875 1150 Solam.
930 1110 954 1149 l.
968 1124 999 1162 3.
1017 1109 1086 1148 Καὶ
1098 1109 1343 1161 μετατρέψαι
1358 1111 1422 1157 τὶ)
1438 1111 1477 1149 τὶ
1492 1110 1557 1149 καὶ
1568 1125 1695 1160 μετα.-

434 1163 579 1215 τρέ-ῲαι
604 1162 657 1204 Ο.
705 1165 729 1203 l.
746 1179 782 1212 4.
795 1162 1053 1217 Ἀνάσχοιτο)
1071 1163 1278 1216 ἀνάσχοιτ’
1292 1162 1344 1203 Ο.
1389 1164 1413 1203 l.
1432 1177 1464 1214 ς.
1479 1158 1694 1204 Τοῦναντίον

435 1216 609 1271 τρέψειε)
622 1217 734 1268 τρέψ.
750 1212 848 1256 τοῦν.
864 1217 917 1256 O.
945 1217 971 1255 l.
985 1231 1020 1267 7.
1034 1216 1106 1264 Σὺ)
1122 1216 1168 1256 σὺ
1181 1217 1219 1255 θ’
1231 1216 1283 1256 Ο.
1297 1218 1402 1270 quod
1416 1230 1550 1266 verum
1565 1218 1693 1257 credo.

435 1270 461 1309 l.
479 1285 491 1308 1
505 1286 536 1310 1.
551 1272 757 1323 Ἰιμσίμεθα
780 1269 854 1322 ἂν)
875 1271 1075 1321 τιμώμεθα
1094 1270 1140 1310 ἂν
1161 1271 1214 1309 Fl.
1237 1270 1304 1324 [δι
1319 1273 1358 1311 S.
1372 1270 1461 1324 ]⁴Av
1478 1270 1577 1310 deest
1589 1271 1626 1310 in
1639 1269 1692 1310 Ο.

434 1325 461 1362 l.
479 1338 538 1378 13.
551 1325 782 1372 Παντελῶς)
805 1326 960 1364 παντως
973 1323 1024 1364 Ο.
1079 1324 1102 1363 l.
1118 1337 1172 1373 14.
1184 1325 1311 1364 Ἕκτος
1319 1328 1338 1375 )
1355 1325 1408 1364 lta
1422 1323 1519 1365 iuffit
1529 1323 1693 1365 solanus

435 1379 649 1424 emendari,
665 1392 711 1418 ex
725 1378 778 1419 O.
790 1379 833 1418 δι
847 1378 884 1416 Ρ.
899 1378 997 1417 Nam
1013 1377 1134 1430 vulgo
1148 1377 1178 1416 εἰ
1189 1377 1244 1428 μὴ
1261 1381 1367 1430 παρὰ
1377 1376 1490 1419 τοῦτο
1506 1378 1590 1418 edd.
1616 1381 1690 1418 ead.

432 1430 476 1470 ‘O
490 1431 700 1485 προμαθὼν)
715 1431 932 1472 Articulum
947 1433 983 1479 in
998 1433 1081 1471 edd.
1100 1430 1336 1472 deficientem
1349 1445 1399 1472 ex
1411 1432 1464 1472 O.
1481 1432 1523 1471 δι
1541 1431 1582 1471 Ρ.
1600 1431 1693 1472 inse-

434 1487 506 1524 rui.
555 1489 628 1525 ead.
642 1485 705 1524 Ὠς
720 1485 812 1534 ὑπ’)
825 1485 883 1524 ὅτι
899 1481 964 1523 ὑπ’
978 1485 1030 1524 Ο.
1087 1486 1177 1538 Pag.
1196 1486 1318 1534 214.l.
1334 1501 1367 1526 2.
1384 1485 1610 1538 Καθείρξας)
1626 1486 1692 1551 ἐγ

433 1536 685 1588 κλεισάμενος
696 1539 747 1579 O.
763 1538 802 1578 Ρ.
849 1539 872 1577 l.
890 1539 925 1578 6.
937 1540 1027 1579 Ἀπὸ
1040 1535 1198 1592 ἰσχυροῦ
1211 1540 1365 1592 προστ.)
1382 1539 1453 1578 ἀπ’
1465 1538 1624 1594 ἰσχυροῖς
1640 1555 1694 1579 εν-

433 1592 545 1633 τολιῖς
560 1592 600 1634 O
613 1593 653 1633 &
666 1593 706 1634 Ρ.
732 1594 757 1632 l.
775 1608 813 1643 7.
829 1592 963 1645 Accion)
977 1591 1046 1632 τοῦ
1059 1594 1174 1631 Λαίὀυ
1186 1591 1239 1633 O.
1267 1593 1291 1631 l.
1309 1607 1323 1633 1
1333 1609 1368 1634 2.
1381 1593 1600 1648 Τοιγάρτοι)
1613 1608 1692 1633 τοι-

433 1651 551 1700 γαρτι
566 1647 665 1686 male
684 1648 714 1686 I.
766 1648 791 1686 l.
809 1660 867 1700 13.
881 1641 1025 1700 Αὖτον)
1039 1645 1157 1686 Deest
1169 1646 1205 1685 in
1226 1647 1278 1686 O.
1333 1648 1357 1685 l.
1373 1661 1429 1697 ¹4·
1440 1646 1690 1701 Ἀπαιτεῖτε)

432 1700 645 1752 απαιτοῖτε
659 1702 715 1740 Η.
759 1700 784 1739 l.
803 1715 817 1739 1
830 1714 862 1753 5.
874 1699 996 1749 Λοξὲι)
1013 1698 1217 1752 ἁμφίὸοξα
1230 1700 1282 1741 Ο.
1296 1700 1334 1740 Ρ.
1349 1700 1391 1741 &
1405 1714 1522 1754 marg.
1536 1704 1587 1740 A.
1605 1715 1636 1740 1.
1651 1703 1689 1741 in

430 1761 508 1805 qua
523 1765 649 1794 tamen
662 1755 707 1794 ad
721 1754 1079 1808 ἐπαμφοτερίζοντα
1092 1753 1249 1794 relatum
1263 1755 1426 1794 videtur.
1460 1755 1486 1794 l.
1501 1756 1559 1795 16.
1576 1755 1638 1794 col.
1655 1769 1687 1795 1.

430 1807 776 1862 Ἐγκλεισάμενος)
803 1807 1088 1862 {wana-&favae
1107 1808 1166 1847 ed.
1190 1807 1291 1848 Cler.
1316 1807 1498 1848 Correxit
1514 1808 1687 1850 Solanus.

430 1862 524 1912 Pag.
539 1865 626 1914 215.
640 1863 663 1900 l.
685 1875 714 1914 5.
730 1860 922 1913 Ἐπειροῖτο
947 1861 1081 1901 ἐκεῖνος
1095 1857 1239 1915 αὐτοῦ)
1261 1862 1393 1915 ἔπειρα
1414 1862 1552 1903 ἐκεῖνος
1571 1858 1686 1902 αὐτον

429 1914 470 1954 Ρ.
484 1915 546 1954 Nil
559 1926 682 1955 mutat
692 1917 748 1954 Fl.
777 1916 801 1954 l.
819 1919 855 1953 ὁ.
870 1915 1058 1967 Χελώνης)
1075 1913 1138 1955 Sic
1151 1916 1206 1954 Fl.
1222 1917 1253 1955 I.
1269 1917 1353 1955 Ald.
1367 1917 1426 1954 Fr.
1438 1917 1493 1957 H.
1506 1918 1544 1955 S.
1563 1916 1687 1955 Χελώ·

428 1982 491 2008 νην
503 1968 541 2008 P.
560 1970 598 2008 δι
616 1969 668 2009 Ο.
684 1969 872 2009 Χελώνεια
892 1968 994 2009 Coll.
1031 1970 1055 2006 l.
1070 1983 1106 2021 9.
1120 1966 1278 2023 Ἄλλως)
1293 1981 1402 2016 αλλῳ
1419 1969 1472 2009 Ο.
1502 1971 1527 2009 l.
1541 1984 1554 2008 ι
1568 1984 1600 2009 1.
1613 1972 1688 2010 Μέ-

430 2021 505 2074 ρος)
524 2023 578 2062 Ita
596 2024 650 2061 Fl.
666 2023 713 2061 B.
729 2037 760 2062 1.
775 2024 863 2061 Ald.
879 2024 936 2061 Fr.
952 2025 1004 2061 H.
1019 2023 1064 2061 P.
1077 2024 1116 2061 S.
1129 2019 1255 2077 ’Ἔργον
1275 2024 1305 2062 1.
1318 2023 1358 2063 δι
1371 2023 1410 2062 Ρ.
1452 2023 1477 2063 l.
1496 2023 1557 2063 18.
1570 2025 1633 2064 col.
1650 2037 1685 2064 2.

421 2071 561 2128 Ἦλθε)
576 2075 683 2116 umes
700 2078 751 2116 V.
766 2089 897 2129 prave.
908 2077 997 2115 Vid.
1014 2077 1055 2116 &
1069 2076 1196 2117 Schol.
1213 2091 1258 2130 9¹
1277 2077 1323 2116 ad
1337 2082 1372 2115 Z.
1387 2081 1444 2130 Τρ.
1457 2077 1502 2117 1η
1521 2077 1682 2130 imprefl‘.

426 2129 529 2170 reete
544 2141 734 2170 mutatum
748 2129 812 2170 est.
825 2131 945 2170 Solan.
981 2131 1005 2168 l.
1024 2143 1084 2169 20.
1099 2131 1160 2170 col.
1179 2144 1209 2170 1.
1223 2130 1365 2182 Μίξας)
1378 2129 1492 2182 μίξαι
1508 2131 1591 2171 edd.
1604 2144 1683 2171 ma-

427 2183 474 2223 le.
514 2183 594 2223 ibid.
611 2184 636 2223 l.
655 2180 868 2236 πμἬψει)
889 2183 948 2223 Sic
968 2184 1014 2224 C.
1031 2183 1145 2223 refie.
1164 2184 1208 2223 In
1225 2185 1276 2222 V.
1291 2196 1374 2231 erat
1395 2182 1503 2235 ἕψου.
1519 2186 1683 2226 solanus.

423 2237 516 2290 Pag.
533 2238 621 2277 216.
635 2238 660 2276 l.
681 2250 712 2276 1.
735 2238 1074 2291 Διηγκυλημένος)
1090 2237 1333 2292 ἒιηγκωλημ.
1353 2237 1406 2278 Ο.
1459 2240 1530 2277 ead.
1547 2245 1620 2279 Σου
1632 2261 1680 2270 —

423 2291 653 2344 ὃιεξιόντος)
665 2291 722 2330 Ita
732 2292 814 2331 dedi
827 2304 873 2330 ex
886 2292 940 2329 Η.
953 2298 1004 2331 Σε
1016 2291 1261 2342 -ἓιεξιὸντα
1273 2292 1442 2344 reliquae
1453 2292 1588 2345 vulgo.
1617 2293 1683 2347 ις.

422 2344 617 2397 Κεραυνῷ)
630 2345 697 2383 καὶ
711 2345 872 2407 κεραυνῷ
886 2344 938 2384 Ο.
963 2346 988 2383 l.
1008 2360 1020 2384 1
1032 2360 1066 2384 2.
1077 2345 1212 2391 Ἰστὸν)
1229 2345 1289 2386 Sic
1300 2346 1381 2384 dedi
1394 2358 1442 2385 ex
1454 2344 1541 2386 Pell.
1555 2346 1681 2386 Ἱστιόν

422 2398 505 2438 edd.
533 2400 607 2437 ead.
620 2398 855 2442 ’Asenova'nd
874 2399 934 2438 Sic
948 2399 1030 2438 edd.
1047 2399 1088 2438 &
1104 2398 1143 2438 P.
1158 2398 1324 2439 ’Asmofiv
1339 2399 1393 2437 H.
1422 2402 1497 2438 ead.
1514 2400 1586 2444 Δὲ)
1601 2399 1681 2439 Re-

422 2451 524 2490 stitui
538 2464 585 2490 ex
601 2453 684 2490 Ald.
697 2453 727 2491 Ι.
740 2455 768 2491 S
771 2483 779 2491 .
798 2453 942 2492 Aberat
955 2453 993 2491 in
1007 2453 1053 2492 P.
1066 2452 1120 2491 H.
1147 2457 1223 2491 ead.
1235 2453 1323 2505 Καὶ)
1338 2452 1497 2492 Reddidi
1509 2453 1599 2493 huic
1608 2454 1681 2493 edi-

422 2506 517 2546 tioni
531 2518 580 2546 ex
599 2505 628 2545 I.
643 2505 720 2548 διε.
741 2518 812 2561 pro
827 2510 890 2546 τὶν
905 2507 1009 2561 quod
1030 2507 1074 2547 P.
1087 2507 1295 2561 occupavit
1304 2520 1319 2556 3
1332 2519 1405 2561 pro
1419 2519 1503 2561 quo
1515 2508 1624 2561 peius
1634 2509 1679 2548 τὴ
