1764 3419
439 237 533 301 3&
635 234 1509 284 ANNOTATIONES

494 325 716 375 ibid.’'A-rnv)
738 327 809 364 Ate
822 325 909 365 Dea
925 324 1081 378 fingitur
1096 325 1144 364 ab
1163 325 1342 364 Homero
1357 325 1400 363 ΙΙ.
1417 305 1495 372 IX,
1512 337 1625 377 quam
1641 325 1705 364 itt-⁴

437 389 699 432 terpretantur
718 392 856 419 noxam
875 392 883 418 :
903 380 948 418 de
965 391 1042 430 qua
1059 378 1197 417 Erasm.
1222 379 1258 417 in
1281 379 1464 431 proverb.
1481 379 1538 417 Ira
1555 380 1702 418 omnium

440 434 771 485 tardffmelk11efiit.
790 433 885 472 Bud.
901 433 942 471 L.
957 433 992 470 V
1013 433 1058 471 de
1069 431 1154 471 affe.
1168 432 1311 472 COGN.

497 489 578 538 Pag
603 501 663 535 25.
676 490 699 525 l.
722 487 907 539 3.“Ὀσττες
922 484 937 524 ὃ
951 485 1121 539 Ἴκαρος)
1137 484 1197 525 Sic
1211 484 1339 526 rursus
1357 485 1456 526 Gall.
1472 497 1506 525 c.
1525 499 1570 539 23
1594 498 1645 524 m.
1659 484 1703 525 δι

439 540 585 594 ρῑιίΐιηι.
603 540 761 579 SOLAN.

497 597 570 632 cad.
590 595 613 632 l.
630 596 664 630 6.
677 593 809 645 Ὅσοι)
825 591 941 632 Conf.
960 593 1096 632 iterum
1114 592 1213 632 Gan.
1229 606 1260 632 c.
1279 605 1338 645 23.
1353 591 1510 631 SOLAN.

499 648 586 698 Pag.
606 648 664 685 26.
681 648 703 684 l.
721 661 754 685 2.
767 649 936 685 Καλλίων
953 645 996 685 s}
1013 646 1073 683 καὶ
1091 646 1366 698 ἐρασμιωτέρα)
1382 646 1422 684 1η
1437 645 1477 684 L.
1492 646 1597 691 ἴσως,
1610 657 1706 684 καλ-

441 701 554 739 λίονα.
581 700 663 752 Ego
682 699 942 752 reponendum
966 710 1082 751 puto.
1105 711 1248 738 καλλιω
1271 698 1315 737 ἑὲ
1336 699 1398 737 καὶ
1420 699 1706 750 ἐρασμιωτέραν.

441 754 599 792 SOLAN.
613 754 762 792 Καλλίω
775 753 819 792 Σὲ
832 755 894 791 καὶ
907 753 1179 804 ἐρασμιωτέραν
1193 753 1352 792 omnino
1365 752 1579 805 legendum,
1591 751 1708 791 trans-

443 806 519 846 lata
535 823 550 846 ν
573 807 678 845 litera
693 837 703 852 ‚
722 820 819 859 quae
840 807 876 844 in
892 807 1093 852 omnibus,
1108 819 1207 858 quos
1222 805 1399 858 inspicere
1412 806 1503 844 mihi
1515 807 1704 858 contigit,

442 860 561 906 libris,
577 861 621 899 ad
637 862 776 899 καλλίω
790 860 966 907 adhaesit,
978 861 1022 899 ad
1037 860 1303 911 ἐρασμιωτέρα.
1321 859 1405 910 Qui
1420 858 1570 899 Graece
1582 859 1709 898 sciunt

444 915 507 952 vel
525 916 692 959 modice,
709 914 910 953 leerionem
926 915 1020 953 hanc
1035 914 1436 966 &interpretationem
1451 913 1507 960 ei,
1527 925 1626 965 quae
1642 913 1708 951 ad-

443 967 522 1007 huc
537 969 724 1016 obtinuit,
745 967 856 1018 spero
869 998 879 1015 ‚
900 967 1124 1019 praeferent.
1144 967 1294 1019 Nempe
1312 966 1542 1006 conversum
1564 965 1713 1017 est‚sed

443 1023 617 1075 pulchrior
633 1023 667 1060 δ’
683 1022 871 1067 amabilior,
889 1036 963 1059 cum
980 1022 1033 1059 his
1051 1022 1224 1071 pracfidiis
1248 1021 1395 1059 animam
1416 1021 1556 1059 muniat.
1571 1017 1711 1059 Vidiss‘e

445 1077 523 1114 hoc
536 1075 656 1127 ipsum
673 1076 788 1115 video
802 1073 1053 1114 doffiffimum
1071 1074 1196 1113 Solan.
1213 1074 1340 1114 GESN.
1357 1073 1531 1112 Absurde
1550 1085 1685 1112 omnes
1698 1101 1710 1119 ,

446 1142 544 1182 quas
561 1130 638 1168 vidi
656 1130 735 1168 edd.
754 1129 915 1167 καλλίων
933 1151 977 1157 -
994 1130 1033 1167 δι
1048 1128 1313 1180 {pacsano-tepet.
1333 1126 1423 1179 Qui·
1432 1139 1540 1167 error
1554 1140 1641 1166 cum
1657 1127 1714 1165 ni-

447 1184 520 1222 rnis
535 1182 580 1221 s1t
599 1182 834 1230 manifestus,
855 1183 895 1222 δι
908 1181 1016 1220 facile
1031 1182 1068 1220 in
1083 1182 1247 1221 cuiusvis
1262 1181 1400 1221 oculos
1417 1182 1609 1227 incurrat,
1628 1181 1713 1219 lite-

447 1250 528 1276 ram
543 1253 574 1281 ν,
587 1250 685 1289 quae
697 1238 742 1276 ad
759 1236 944 1289 posterius
959 1235 1192 1274 adie&ivum
1212 1235 1444 1289 pertinebat,
1461 1235 1507 1274 ad
1521 1234 1624 1286 prius
1637 1233 1713 1274 effe

449 1291 672 1330 translatam
684 1321 695 1336 ,
714 1304 802 1330 eum
817 1289 880 1329 vel
894 1303 982 1329 meo
997 1290 1166 1340 periculo
1176 1320 1188 1336 ‚
1203 1302 1282 1329 non
1295 1288 1508 1341 exspeelata
1520 1287 1713 1328 Codicum

449 1344 548 1390 fide,
571 1343 792 1384 sustulissem
808 1357 817 1383 :
841 1345 914 1383 iam
932 1356 1029 1382 vero
1044 1344 1162 1396 magis
1181 1342 1333 1383 securus
1354 1343 1391 1381 id
1411 1340 1514 1381 facio
1527 1373 1538 1390 ‚
1556 1342 1714 1395 quando

450 1399 488 1438 id
507 1397 688 1438 Solanum
705 1399 842 1451 pariter
854 1409 898 1436 ac
913 1396 1125 1437 Gesnerum
1140 1397 1273 1436 iubere
1286 1397 1417 1436 video.
1433 1396 1574 1435 REITz.

507 1455 579 1490 ead.
595 1453 618 1491 l.
635 1466 667 1504 3.
680 1450 900 1498 Βασιλεῖτῷ
913 1451 1026 1504 (azy.)
1040 1451 1169 1490 Minus
1181 1462 1269 1504 apte
1282 1450 1374 1490 haec
1388 1450 1431 1489 L.
1441 1451 1552 1489 Vero
1568 1462 1717 1489 conve-

452 1505 586 1554 niunt;
599 1505 660 1546 sed
679 1505 890 1545 adulatorie
907 1504 1003 1544 dieta
1017 1504 1199 1544 censenda
1216 1504 1312 1543 sunt.
1324 1505 1424 1543 Vide
1438 1502 1577 1544 Gatak.
1597 1503 1642 1542 ad
1655 1504 1714 1543 M.

453 1560 588 1599 Aurei.
604 1558 866 1605 Anton.VlII,
880 1573 942 1612 37,
956 1558 989 1605 1,
1007 1572 1068 1608 17,
1082 1560 1119 1597 δι
1134 1559 1257 1597 vitam
1270 1557 1451 1610 operibus
1468 1556 1717 1608 praemissam,

453 1627 492 1666 p.
510 1614 589 1653 XL.
612 1613 835 1653 Scholiastes
858 1612 958 1652 reae
970 1613 1080 1652 Vero
1095 1612 1244 1659 tribuit3
1263 1611 1323 1651 sed
1344 1613 1380 1650 in
1399 1624 1448 1652 eo
1462 1611 1598 1651 errasse
1613 1612 1720 1650 vide-

455 1678 536 1713 tur,
552 1669 655 1719 quod
670 1683 804 1707 uxorem
815 1697 829 1714 ,
843 1679 922 1706 non
934 1667 1152 1706 concubinam
1167 1665 1290 1706 faciat.
1306 1666 1420 1706 Uxor
1439 1666 1540 1705 enim
1553 1665 1587 1704 ei
1600 1665 1720 1704 Lucila

456 1722 513 1769 la,
533 1734 611 1760 non
636 1723 818 1760 Panthea:
837 1733 964 1774 neque
982 1721 1040 1760 hic
1058 1719 1216 1772 usquam
1235 1735 1323 1759 uxor
1341 1719 1467 1766 audit,
1483 1718 1544 1758 sed
1565 1729 1718 1758 tantum

456 1774 617 1820 βασιλεῖ
632 1774 818 1823 συνοῦσα,
836 1775 897 1814 hic
914 1775 955 1814 δι
977 1787 1060 1828 cap.
1077 1787 1122 1814 10
1141 1775 1219 1815 διε.
1240 1775 1303 1814 cui
1323 1774 1537 1828 Imperator
1559 1771 1721 1813 consue-

456 1828 534 1868 scit.
550 1829 658 1868 Adde
671 1843 703 1870 c.
719 1843 778 1868 20.
793 1829 951 1868 SOLAN.
1660 1850 1664 1855 ·

512 1885 585 1921 ead.
603 1884 626 1921 l.
644 1897 680 1929 7.
697 1879 988 1935 Εὖὸαιμόνημα)
1010 1882 1088 1922 Ubi
1108 1881 1255 1921 dixiffet
1271 1880 1427 1936 aufloq
1438 1893 1518 1921 rem
1537 1879 1612 1920 effe
1625 1892 1722 1920 con·

455 1936 772 1976 venientiffimam
784 1968 796 1983 ,
809 1948 850 1976 ut
864 1949 1024 1989 magnus
1036 1949 1102 1975 rex
1117 1935 1363 1988 (Romanum
1375 1935 1650 1988 Imperatorem
1666 1932 1722 1974 sui

457 1991 642 2043 temporis
664 1990 857 2044 intelligit)
875 1991 970 2029 inter
989 1989 1063 2028 alia
1079 1989 1202 2029 felicia
1223 1990 1335 2029 etiam
1359 2001 1435 2028 tam
1458 1988 1661 2042 praestanti
1680 1987 1724 2028 &

459 2045 641 2084 omnibus
660 2046 827 2084 numeris
851 2043 1020 2083 absoluta
1039 2043 1180 2083 femina
1202 2043 1293 2083 effet
1317 2043 1471 2090 beatus,
1486 2043 1559 2082 ait:
1577 2039 1628 2081 Οὐ
1643 2043 1723 2096 ’γᾶς

458 2101 586 2150 μικρὸν
603 2096 716 2138 τοῦτο
731 2095 989 2150 εὐὸαιμὸνιιμα
1002 2097 1095 2151 ’γυνὴ
1109 2127 1119 2144 ,
1136 2097 1218 2149 περὶ
1233 2093 1273 2136 sic
1289 2093 1334 2135 ἄν
1350 2111 1409 2136 τις
1423 2093 1586 2150 εὐλόγως
1599 2097 1645 2135 τὶ
1664 2094 1725 2134 ‘0-

457 2155 606 2204 μηρικὸν
629 2151 741 2191 ἐκεῖνο
767 2153 887 2197 εἴποι,
907 2153 1060 2205 χρυσείῃ
1086 2151 1154 2201 μὲν
1174 2149 1290 2190 αὐτὴν
1315 2149 1509 2202 Ἀφροὲίτῃ
1531 2149 1657 2202 ἐρίζειν
1677 2151 1724 2189 ‘rb

461 2207 619 2255 κάλλος,
639 2206 732 2259 ἔργα
747 2205 774 2245 A*
777 2204 792 2244 ὲ
812 2202 928 2246 αὗτῗιν
939 2205 1097 2253 Ἀθηναίῃ
1113 2205 1348 2256 ἰσοφαρίζειν.
1365 2205 1483 2257 Neque
1501 2205 1585 2243 enim
1598 2203 1724 2255 exigua

466 2260 528 2299 illa
553 2262 595 2312 est
607 2259 772 2311 felicitas,
789 2258 921 2309 flemina
935 2290 947 2305 ,
964 2263 1003 2298 de
1019 2275 1086 2312 qua
1100 2259 1171 2298 iure
1192 2259 1268 2311 quis
1294 2258 1512 2297 Homericum
1529 2258 1617 2297 illud
1628 2258 1725 2296 dixe-

466 2315 533 2360 rit,
553 2314 646 2352 illam
664 2329 738 2353 cum
758 2328 862 2351 aurea
888 2317 1010 2352 Venere
1028 2325 1147 2352 certare
1161 2312 1294 2364 fhrmae
1313 2311 1517 2366 praestantia
1529 2327 1545 2358 ,·
1561 2312 1598 2350 in
1617 2311 1725 2363 operi-

467 2370 532 2407 bus
543 2383 620 2407 vero
634 2369 813 2406 Minervae
823 2369 992 2419 aequalem
1005 2367 1073 2418 affe.
1091 2367 1218 2406 Locus
1228 2366 1332 2405 Hom
1338 2367 1390 2405 eri
1401 2395 1414 2412 ,
1433 2365 1498 2418 qui
1516 2363 1728 2418 respicitur,

467 2421 522 2460 est
544 2434 594 2461 ex
613 2421 654 2459 ΙΙ.
673 2427 706 2470 1,
726 2435 765 2460 v.
780 2420 874 2472 389:
892 2420 1017 2471 Κούρην
1034 2421 1071 2459 δ’
1088 2418 1125 2459 οὗ
1140 2419 1279 2474 γαμέω
1303 2421 1576 2473 Ἀγαμέμνονος·
1595 2417 1727 2469 Ἀτρεί-

466 2475 541 2515 ἑαο
553 2506 566 2522 ,
581 2471 672 2514 Ods‘
690 2475 721 2513 εὶ
745 2476 896 2529 χρυσείῃ
916 2473 1112 2525 Ἀφροὲίτᾈ
1134 2475 1277 2513 καλλος
1301 2474 1404 2524 ἐρίζοι
1417 2470 1565 2526 ,Ἔργα
1580 2471 1619 2511 δ’
1631 2472 1730 2511 Ἀθη-

461 2532 542 2583 ναίῃ
559 2528 807 2570 Γλαυκώπιδι
828 2529 1047 2581 ἰσοφαρίζοι·
1069 2527 1194 2568 Filiam
1209 2544 1284 2568 vero
1303 2527 1569 2581 Agamemnonis
1579 2526 1729 2567 Atridae
