1764 3419
230 253 300 299 IN
334 250 576 298 LUCIUM
609 249 746 298 SIVE
779 244 1036 294 ASINUM.
1145 265 1256 312 ·491

13 339 100 391 iens
112 339 217 394 pueri
230 340 343 379 huius
358 338 592 379 insolentiam
605 367 616 386 ,
638 338 709 378 hac
721 337 943 389 repetitione
957 336 1114 377 voluiffe
1127 337 1265 377 indica·

14 405 56 446 re
79 395 284 447 iniquitatis
307 393 626 445 magnitudinem,
650 390 831 443 totusque
858 391 969 430 locus
990 391 1040 429 ita
1061 391 1143 429 ibid.
1167 392 1265 431 bene

16 449 202 489 vertitur:
224 449 307 487 Non
321 447 405 484 enim
421 445 604 497 desbendere
613 444 764 496 solebat,
782 457 819 483 ut
837 445 916 483 mihi
926 459 1060 483 manum
1070 445 1262 494 porrigeret,

17 501 73 543 vel
84 503 185 540 humo
197 502 374 547 allevaret,
392 501 447 538 vel
456 514 542 538 onus
561 501 716 537 demeret:
730 498 827 536 immo
840 513 906 536 non
915 496 1029 548 solum
1048 512 1115 535 non
1129 497 1261 548 descen-

16 555 84 601 (ἦε,
97 555 153 593 vel
161 569 294 593 manum
302 554 456 604 praebuit
466 584 475 599 ,
490 567 601 590 verum
615 569 636 589 a
643 550 775 602 summo
786 552 892 602 capite
906 552 940 590 δ’
953 552 1089 589 auribus
1103 551 1262 602 incipiens

15 619 119 647 totum
132 624 180 647 me
190 607 277 660 fitfle
286 607 471 645 dedolabat.
482 623 504 642 n
517 605 619 645 Cum
634 616 758 644 autem
775 605 975 656 Apuleius,
986 604 1028 657 (s.
1044 605 1173 656 potius
1185 605 1265 658 Ap-

15 661 163 715 puleius
174 689 186 708 ‚
210 672 251 700 ut
268 659 321 699 est
336 660 374 698 in
384 659 570 712 Inscriptt.
583 671 643 710 ap.
658 658 835 705 Reines.)
852 659 947 697 idem
963 670 1076 710 agens
1090 658 1162 696 Vll
1179 659 1263 697 Me-

13 723 103 754 tam.
125 728 162 766 p.
179 727 266 764 145,
277 714 397 761 dicat,
418 724 514 752 συΜ
532 722 739 751 DEBERET
755 712 902 763 egregius
915 714 1016 762 agaso
1033 727 1167 767 magum
1181 727 1265 764 por-

13 769 136 820 dgm,
158 768 194 806 id
216 779 348 806 revera
369 765 471 806 favet
491 766 697 815 Anonymi
718 763 947 804 correctioni
963 759 1007 804 οὗ
1022 764 1064 804 ἑὲ
1080 767 1130 805 ἦν·
1146 765 1263 804 modo

15 833 94 861 non
109 819 248 861 dixiffet
259 851 271 867 ‚
291 821 382 860 haec
401 819 547 860 Graeca
559 831 638 857 non
658 818 742 858 effe.
757 818 794 857 Si
814 819 897 869 quis
912 829 1037 858 tamen
1054 819 1170 857 verba
1186 818 1200 856 ὃ
1215 818 1262 857 δὲ

7 874 135 927 ¹usque
149 875 194 913 ad
208 873 395 914 ἑπέέωκεν
412 886 483 926 pro
495 871 713 925 glossemate
733 871 870 911 habere
883 871 992 919 velit,
1007 884 1072 925 per
1088 872 1263 911 melleet.

12 924 176 967 solanus
189 940 344 980 quoque
356 926 392 966 se
406 939 487 966 non
498 926 704 980 expedivit,
723 924 902 970 nesciens,
923 939 1002 977 quo
1021 925 1075 972 οὓ,
1095 926 1198 978 quod
1219 926 1260 965 L.

13 979 147 1026 habet,
169 980 213 1020 fit
232 981 481 1021 referendum.
500 980 572 1019 Sed
591 978 619 1017 fi
643 980 682 1016 οὑ
703 979 799 1017 cuius
815 979 1012 1018 admittere
1034 980 1183 1018 libuerit
1197 1010 1206 1024 ,
1227 980 1264 1018 id

12 1032 87 1075 iam
98 1035 278 1087 placeret,
290 1047 361 1074 nec
375 1034 639 1073 nominativus
650 1032 806 1084 sequens
819 1045 878 1071 me
890 1031 1109 1078 offenderet,
1120 1045 1265 1071 memo-

14 1101 94 1129 rem
109 1101 242 1127 eorum
253 1118 263 1136 ,
276 1100 374 1141 quae
392 1087 486 1126 Iens.
502 1086 656 1138 collegit
667 1086 704 1123 in
717 1085 833 1124 Lech.
850 1085 939 1124 Luc.
956 1100 990 1136 p.
1006 1100 1071 1135 71,
1083 1100 1183 1139 73-
1198 1086 1261 1124 80.

14 1141 106 1183 Non
121 1142 268 1187 minus,
281 1143 457 1194 inquam,
475 1153 589 1193 quam
605 1142 642 1178 in
657 1139 724 1191 Ep.
738 1139 783 1177 ad
802 1138 932 1190 Ephes.
948 1140 1018 1185 IV,
1041 1153 1054 1177 1
1073 1140 1112 1178 δι
1129 1154 1173 1185 2,
1195 1140 1262 1178 ubi

16 1195 257 1236 accusativus
270 1195 309 1235 &
323 1195 582 1234 nominativus
595 1192 705 1232 simul
719 1191 908 1231 infinitivo
920 1193 1128 1245 iunguntur
1143 1208 1151 1230 :
1165 1206 1263 1245 quae

12 1248 248 1291 construffio
267 1249 419 1301 egregie
441 1247 651 1287 defenditur
664 1259 685 1284 a
708 1245 780 1285 lac.
795 1245 951 1285 Elsnero
962 1275 976 1291 ‚
988 1259 1035 1284 ex
1049 1245 1196 1285 Aelian.
1211 1248 1264 1285 V.

14 1303 111 1344 Hist.
123 1302 234 1349 XIII,
256 1317 319 1354 23,
338 1303 400 1340 ubi
418 1301 556 1347 βληθεὶς
578 1301 619 1340 δι
639 1299 761 1339 παθὼν
776 1301 1021 1351 praecedente
1034 1295 1135 1348 αὐτῷ
1150 1300 1264 1339 habe-

14 1369 111 1397 mus.
127 1356 228 1396 Idem
251 1369 299 1394 ex
319 1356 452 1412 eodem
477 1354 585 1402 XlV,
601 1354 645 1393 18
666 1353 738 1393 διε.
761 1352 831 1392 Sed
853 1366 932 1405 quo
950 1353 1095 1392 evado!
1111 1351 1263 1392 Planius

13 1421 139 1451 tamen
155 1411 223 1450 erit
236 1439 249 1455 ,
264 1409 292 1448 fi
309 1404 348 1448 οὗ
364 1409 424 1448 vel
435 1408 518 1449 δέον
532 1408 747 1448 habeamus.
763 1406 910 1446 Rmz.

22 1487 26 1491 ·
69 1465 160 1516 pag.
179 1463 264 1503 168.
280 1464 303 1501 l.
323 1463 428 1514 2313}
450 1461 569 1514 ἑτέρου
592 1460 730 1514 χωρίου
753 1460 803 1500 εἰς
825 1457 945 1512 ἕτερον
962 1459 1114 1513 χωρίον)
1136 1460 1264 1511 Χωρίον

15 1529 94 1558 non
116 1516 174 1556 est
193 1518 301 1569 regio,
331 1527 376 1555 ut
397 1517 548 1569 putavit
576 1516 779 1566 interpres;
803 1513 862 1553 sed
881 1513 1017 1565 fimdus
1031 1544 1042 1561 ‚
1065 1514 1235 1566 praedium
1246 1537 1263 1560 ,-

12 1570 337 1624 quemadmodum
359 1568 466 1622 saepe
487 1570 586 1621 apud
605 1570 776 1620 optimos
797 1567 982 1607 auftores.
1006 1567 1193 1607 Plutarch.
1215 1568 1262 1606 de

13 1625 67 1666 sui
87 1624 197 1664 laude
217 1637 299 1677 pag.
317 1638 411 1676 544,
424 1622 470 1663 ὦς
482 1626 561 1677 γὰρ
580 1622 696 1661 οἰκίαιν
716 1622 777 1661 καὶ
797 1621 929 1674 χωρίον
952 1622 1025 1661 διε.
1050 1620 1144 1660 Div.
1165 1621 1259 1660 Luc.

14 1678 54 1720 in
76 1678 161 1718 Αᾶ.
182 1678 315 1731 Apost.
338 1678 413 1724 lv,
440 1689 508 1730 34,
536 1677 613 1716 ὅσοι
637 1678 716 1730 ’γὰρ
741 1673 913 1728 κτήτορες
936 1679 1076 1729 χωρέων
1101 1675 1120 1715 ἢ
1144 1674 1265 1715 οἰκιῶν

15 1728 194 1786 ὑπῆρχον.
206 1732 250 1773 L.
268 1732 366 1771 BOS.

69 1790 141 1825 ead.
157 1788 180 1824 l.
201 1800 234 1838 3.
248 1784 430 1838 Κομίσοις)
439 1784 481 1824 ld
495 1783 547 1823 est
560 1814 570 1830 ‚
585 1796 701 1835 agens,
714 1785 847 1822 ducens.
862 1782 1027 1823 GUYET.
1046 1781 1106 1821 Sic
1122 1782 1263 1821 iterum

14 1841 138 1892 capite
151 1840 331 1893 sequenti.
344 1839 406 1878 An
423 1837 506 1877 satis
520 1838 683 1885 Graece,
695 1838 886 1876 addubito.
904 1837 1060 1876 SOLAN.
1076 1836 1165 1876 Non
1179 1835 1264 1875 satis

15 1893 208 1934 Graecum
229 1893 430 1932 arbitratur
445 1891 624 1940 solanus,
638 1904 709 1943 pro
731 1893 903 1938 deducens,
922 1892 1009 1943 quia
1022 1890 1174 1943 proprie
1190 1902 1264 1929 no-

15 1956 112 1987 taret
118 1946 246 1999 fitens,
255 1958 406 1999 portans.
418 1947 567 1985 Verum
581 1958 660 1984 non
675 1945 792 1984 modo
807 1943 936 1983 rursus
951 1945 1001 1983 ita
1016 1957 1098 1996 cap.
1113 1943 1184 1996 seq.
1199 1943 1260 1983 sed

17 2000 59 2041 &
73 2001 206 2041 eodem
223 2000 340 2040 modo
357 2000 414 2039 bis
435 1999 507 2052 legi
523 1999 562 2038 in
577 1999 698 2051 Long.
717 1997 808 2037 Past.
829 1999 938 2037 cuius
959 1998 1061 2037 stilus
1079 2011 1165 2037 cum
1180 1997 1264 2036 No-

16 2055 78 2094 stri
93 2053 180 2094 satis
190 2054 379 2106 congruit.
397 2053 461 2092 Ait
474 2062 599 2092 autem
614 2053 770 2105 Longus
782 2052 823 2091 L.
840 2066 876 2100 2,
889 2066 924 2103 p.
938 2065 988 2100 74
1001 2052 1056 2090 ed.
1072 2051 1264 2102 Iungerm.

14 2109 134 2149 Χλόην
146 2107 198 2148 εἰς
209 2106 418 2160 ὀφθαλμοὺς
427 2105 620 2157 ἐκόμισαν,
631 2107 755 2145 Chloen
769 2106 804 2144 in
818 2105 1019 2158 conspeflum
1030 2107 1203 2144 adduxere.
1217 2104 1264 2144 Et

15 2161 91 2208 IV,
108 2175 180 2214 ¹¹9
192 2163 250 2202 ed.
265 2161 375 2200 Moll.
399 2160 552 2213 (errore
573 2172 727 2212 typogr.
743 2158 795 2198 est
807 2173 843 2212 p.
866 2159 963 2212 ¹27)
987 2159 1264 2213 ἐπηγγέλλετο

17 2215 223 2268 (Δάφνιν)
243 2215 404 2265 κομίσειν
425 2214 478 2253 εἰς
494 2213 560 2254 τὴν
572 2213 692 2253 πόλιν.
708 2213 830 2252 Immo
845 2213 882 2252 δι
905 2212 1085 2265 Sophocl.
1103 2213 1162 2251 Αἰ.
1178 2212 1266 2263 flag.

16 2281 56 2311 v.
71 2270 138 2322 63,
157 2269 320 2319 Ποίμνοις
337 2282 382 2307 τε
401 2268 534 2308 πάσας
549 2267 600 2307 εἰς
615 2267 752 2317 samus
766 2267 971 2317 κομίζεται.
989 2266 1042 2305 At
1057 2279 1102 2304 ne
1116 2267 1243 2305 credas
1253 2295 1267 2313 ‚

17 2322 64 2363 de
84 2334 239 2362 mortuo
262 2334 402 2376 pecore
427 2323 582 2361 domum
605 2332 759 2373 portato
778 2320 988 2375 serinonem
1010 2319 1106 2365 effe,
1132 2318 1267 2358 confet-

15 2375 169 2416 versum
194 2376 499 2430 praecedentem,
523 2374 610 2414 Τοὺς
635 2375 778 2426 ζῶντας
797 2376 845 2413 eu>
871 2372 1044 2422 θεσμοῖο-ι
1072 2369 1263 2412 συνὲήσας

17 2429 124 2477 βοῶν,
144 2430 183 2469 δι
200 2430 342 2469 videbis
354 2459 367 2476 ‚
387 2430 433 2469 de
452 2429 554 2469 vivis
573 2429 679 2482 loqui
691 2432 843 2482 poetam
855 2458 865 2477 ‚
877 2440 945 2468 nec
964 2428 1055 2467 talia
1071 2427 1110 2466 in
1129 2426 1265 2465 Lucia·

15 2495 71 2529 no
81 2483 306 2523 sollicitabis.
324 2483 470 2522 Rn-rz.

71 2537 162 2594 Pag.
177 2538 259 2592 169.
271 2538 296 2578 l.
308 2551 346 2588 4.
358 2536 507 2580 Ἑαυτὸν
520 2534 536 2591 )
550 2537 647 2580 Ecce
661 2535 788 2578 rursus
799 2549 871 2591 pro
883 2535 1056 2588 ἐμαυτόν.
1071 2532 1186 2577 Conf.
1203 2532 1263 2575 su»
