1764 3419
296 240 363 286 IN
398 239 701 286 SOMNIUM
736 238 847 285 SEU
886 239 1164 286 GALLUM'.
1271 243 1352 309 583

101 322 226 375 probo
243 324 326 364 libri
340 325 480 365 veteris
496 323 714 377 scripturam
726 354 739 371 ,
752 324 790 363 in
811 323 939 377 qua‘oei
954 323 998 363 st
1013 325 1235 365 ἀπειλοῦσιν
1253 329 1358 381 ἀνηρ-

103 378 229 416 viem
244 374 381 425 αὐτὲις,
399 377 614 428 minanturse
625 377 956 430 ipfhssuspenficras.
978 378 1061 417 Hae
1079 378 1163 417 sunt
1182 380 1221 417 &
1235 382 1357 422 minae

101 428 321 470 &facinora
339 431 542 470 mulierum
566 431 708 483 perdite
728 433 947 470 amantium.
961 430 1004 469 In
1028 431 1104 471 hoc
1125 431 1205 483 ipso
1226 434 1358 474 Lucia-

98 494 154 521 no
168 495 248 522 non
264 497 383 534 unum
398 484 450 523 est
464 484 695 534 exemplum.
710 484 882 525 GRAEV.

155 539 229 574 ead.
239 537 263 576 l.
283 551 338 585 ι4.
350 536 395 574 Ὠ
414 537 552 590 χρυσὲ)
568 538 726 576 Homer.
744 538 787 576 Il.
802 543 855 583 Ξ,
874 551 960 586 214.
979 537 1067 576 Eur.
1081 535 1124 576 fr.
1138 537 1353 591 Belleroph.

102 601 155 637 70
166 617 178 635 ‚
190 602 228 628 v.
245 590 283 637 6,
297 590 466 629 Addend.
482 591 579 630 Vide
593 600 673 629 not.
694 591 739 629 ad
754 594 839 639 Τιμ.
861 603 894 629 c.
912 605 973 638 24.
988 589 1063 630 Pro
1077 590 1213 642 βροτοῖς
1229 603 1357 632 autem

101 642 238 694 legitur
254 642 312 682 hic
328 644 479 694 κτέρας,
495 644 599 696 quod
612 642 904 683 observandum.
920 644 1036 693 Apud
1050 645 1238 697 Athenag.
1258 646 1358 699 legi-

101 703 167 733 tur
179 695 330 746 ἐιξίωμοι
343 709 414 748 pro
426 696 519 735 25⁸—.
533 697 718 749 Leopard.
733 711 795 745 44.
811 696 925 749 Apud
940 697 1119 737 Grotium
1133 697 1268 749 ὃεξ-.
1284 700 1359 738 So-

101 759 200 787 LAN.
217 747 403 788 Dedimus
427 750 776 802 interpretationem
801 751 939 801 prioris
962 750 1138 790 verficuli
1164 752 1359 806 Euripidei

100 802 202 853 apud
215 801 393 843 Senecam
411 803 479 855 Ep.
497 817 511 841 1
524 816 537 841 1
551 817 584 856 ς,
599 802 735 842 servati
751 805 864 842 etiarn
888 816 908 842 a
930 804 1109 844 Barnefio
1123 803 1254 856 fragm.
1266 806 1358 845 Bel-

101 854 248 907 leroph.
264 869 302 895 v.
317 869 380 905 70.
400 856 484 908 Qui
506 856 682 896 nimirum
703 857 817 896 etiam
844 856 1015 896 ultimam
1032 870 1168 897 vocem
1187 871 1266 898 non
1289 872 1360 911 po.

100 911 156 948 nit
177 909 327 959 κτέρας,
345 908 405 948 sed
424 909 576 962 βροτοῖς,
593 923 706 962 quam
729 909 953 949 substituere
978 909 1149 957 fortasse,
1169 913 1236 964 qui
1259 912 1362 952 inso-

101 961 254 1001 lentiam
269 963 368 1001 illius
382 963 557 1003 vitarent.
574 963 633 1002 Est
648 964 846 1024 ceteroqui
861 963 997 1016 κτέρας
1010 966 1107 1016 apud
1122 965 1357 1017 Hesychium
1429 979 1432 982 ⁴

101 1014 229 1064 κτῆμα
240 1045 252 1060 ,
270 1016 373 1068 quod
387 1017 507 1069 probe
521 1017 596 1056 huc
609 1027 804 1057 convenit.
822 1018 997 1057 Alterum
1014 1017 1241 1057 versiculum
1258 1019 1299 1058 &
1312 1020 1359 1058 ad

100 1067 251 1109 Incerta
264 1070 388 1108 retulit
409 1069 609 1110 Barnefius
621 1083 659 1110 v.
677 1071 766 1122 387,
780 1072 822 1110 &
844 1072 881 1110 in
899 1071 997 1110 Add.
1018 1071 1234 1124 Belleroph.
1257 1087 1296 1111 v.
1309 1073 1333 1112 6
1346 1103 1359 1122 ,

102 1122 168 1216 abi
183 1122 296 1162 etiam
311 1123 361 1162 ita
373 1124 505 1172 vertit,
525 1125 659 1163 Aurum
674 1125 737 1177 est,
750 1127 840 1177 quod
852 1125 1000 1164 homines
1012 1125 1119 1164 vincit
1131 1125 1265 1177 imperio
1273 1125 1355 1178 suo.

145 1186 230 1214 ESN.

154 1229 232 1268 ibid.
249 1230 462 1269 Κάιλλιστον
476 1230 631 1282 κτέρας)
644 1230 688 1269 In
704 1230 878 1283 Euripide
894 1246 928 1270 κ..
941 1229 1091 1284 βροτοῖς.
1105 1231 1276 1272 BOURD.

154 1283 397 1335 ἱὸίά.Κτέροις)
409 1285 546 1336 Κτέροις
559 1285 757 1323 hiclocum
773 1284 909 1324 habere
921 1297 1000 1323 non
1012 1284 1176 1324 videtur.
1187 1285 1358 1327 GUYET.

100 1336 323 1388 Recipiatur
335 1349 428 1388 ergo
441 1350 512 1389 pro
525 1350 573 1376 eo
585 1336 724 1388 βροτοῖς
735 1350 782 1376 ex
797 1337 925 1390 Eurip.
935 1348 1204 1390 vertaturque:
1220 1340 1357 1379 Aurum

104 1406 155 1429 res
168 1391 398 1442 iucundiffi'ma
407 1391 612 1429 mortalibus.
634 1391 785 1429 REITZ.
829 1410 831 1414 ·

157 1445 246 1496 Pag.
264 1457 304 1495 3¹
316 1458 350 1482 2.
363 1444 385 1481 l.
403 1443 731 1495 12.A01sop÷1“o*53oe1'
744 1443 820 1497 σοι)
844 1442 1020 1495 Suspe&a
1039 1443 1192 1482 videtur
1211 1443 1358 1485 Solano

101 1497 197 1537 haec
218 1495 323 1536 fuisse
343 1496 478 1543 leffio,
497 1498 602 1550 quod
630 1496 803 1536 asterisco
827 1495 1003 1550 apposito
1026 1496 1264 1548 significavit.
1286 1498 1360 1538 Sed

100 1549 353 1602 λοιδορεῖσθαι
369 1551 521 1589 videtur
535 1550 720 1603 paffivum
735 1549 808 1589 effe
818 1581 829 1598 ‚
849 1551 889 1590 δι
904 1564 962 1590 σοι
979 1563 1050 1602 pro
1063 1548 1135 1590 ὑπὸ
1157 1549 1224 1590 σοῦ
1236 1551 1361 1600 valet,

100 1618 138 1657 q.
159 1605 193 1643 d.
210 1604 397 1654 προάγεις
419 1618 469 1654 με
491 1607 580 1657 πρὸς
602 1607 647 1644 τὸ
670 1603 922 1656 λοιὸορεῖσῧσιι
946 1600 1020 1643 ὑπὸ
1044 1604 1120 1644 σοῦ·
1136 1603 1215 1643 slve
1230 1603 1290 1644 ‘a'vot
1303 1619 1363 1645 σοι

102 1656 352 1710 λοιὲοροῦμαι.
372 1657 480 1709 Quid
493 1657 626 1697 causae
646 1658 782 1705 lateat,
802 1670 870 1697 cur
885 1657 998 1710 igitur
1015 1658 1261 1710 improbarit,
1279 1671 1361 1698 non

102 1709 187 1751 satis
205 1710 389 1764 assequor.
410 1713 473 1750 An
494 1712 585 1764 quia
602 1710 837 1762 λοιὲοροῦμοω
862 1711 1087 1763 plerumque
1099 1711 1263 1750 medium
1286 1711 1361 1752 effe

102 1764 219 1813 soler,
236 1778 284 1804 an
301 1765 391 1816 quia
410 1765 581 1804 dativum
595 1776 695 1804 amat
710 1765 750 1803 &
762 1763 1017 1817 λσιὲορεῖσῧσιι
1032 1766 1105 1805 τινὶ
1120 1765 1246 1804 afflva
1257 1775 1364 1818 pote·

104 1817 195 1858 state
209 1818 284 1857 dici
307 1817 401 1857 solet
414 1849 425 1866 ‚
451 1819 511 1858 hic
524 1831 622 1858 vero
647 1817 895 1870 λοιδορεῖσθαι
916 1818 965 1869 μὲ
980 1818 1057 1858 dici
1078 1817 1204 1857 visum
1222 1818 1362 1858 fuerit?

49 1920 53 1923 ι
102 1872 184 1911 Vix
204 1872 340 1919 credo,
363 1872 453 1924 quia
465 1872 514 1921 μὲ
535 1873 580 1911 ad
602 1873 781 1925 ’προάγειν
796 1872 982 1923 pertinere
995 1901 1006 1918 ‚
1026 1871 1111 1910 satis
1131 1872 1261 1912 videre
1287 1885 1363 1925 po-

41 1921 53 1939 “·
103 1927 188 1965 tuit.
204 1925 274 1964 Sed
297 1925 433 1964 melior
454 1924 606 1965 occasio
618 1926 690 1965 erit
707 1927 782 1964 hoc
792 1924 1007 1964 discutiendi
1021 1925 1067 1964 ad
1081 1924 1245 1964 Icarom.
1260 1938 1293 1965 c.
1313 1938 1362 1978 30

102 1978 129 2018 f.
143 1980 207 2017 ubi
223 1979 391 2018 aaivum
413 1977 601 2030 λοιδορεῖν,
623 1979 728 2031 quod
750 1978 838 2017 alias
853 1977 1074 2018 accusativo
1087 1978 1271 2032 iungitur,
1282 1992 1364 2018 ma-

104 2031 241 2072 nifesto
257 2032 547 2071 construebatur
561 2045 649 2072 cum
664 2033 796 2071 dativo
810 2033 848 2070 in
863 2032 943 2071 edd.
957 2031 1105 2070 Rmz.

157 2087 247 2139 Pag.
263 2086 381 2138 313-l·
399 2099 431 2124 1.
444 2085 695 2138 Ἀπόλλωνος)
710 2085 956 2137 Pythagorae
970 2086 1138 2124 animam
1151 2085 1199 2123 ab
1213 2084 1366 2138 Apolli„

102 2153 152 2180 ne
169 2139 215 2179 ad
237 2138 412 2178 homines
434 2138 602 2185 missam,
627 2150 670 2178 ut
691 2151 750 2178 res
770 2137 968 2178 certiffima
981 2167 993 2183 ‚
1011 2138 1056 2177 de
1077 2151 1153 2190 qua
1175 2136 1295 2179 οὐδεὶς
1316 2138 1362 2178 ἂν

101 2188 417 2243 ἀμφισβητήσειε,
431 2192 596 2231 affirmat
610 2192 832 2232 lamblichus
845 2192 881 2229 in
896 2192 975 2230 vita
989 2191 1150 2244 Pythag.
1163 2204 1195 2231 c.
1214 2206 1247 2230 2.
1262 2193 1365 2231 Prio-

104 2263 170 2287 rem
184 2246 246 2299 ff
261 2261 394 2298 corpore
411 2258 434 2284 a
445 2246 608 2298 Pythag.
622 2246 751 2285 docuit
764 2245 875 2284 Plato
888 2245 990 2285 Tim.
1005 2246 1061 2284 ed.
1077 2243 1157 2284 Bas.
1178 2257 1218 2293 15
1231 2245 1275 2295 56
1288 2275 1298 2291 ‚
1320 2258 1361 2297 p.

103 2300 182 2350 478
195 2330 209 2347 ,
231 2300 256 2339 1.
277 2313 339 2347 40.
353 2299 499 2338 Alatam
510 2298 583 2338 effe
595 2328 605 2345 ,
622 2298 825 2338 Phaedone
838 2312 874 2351 p.
892 2311 988 2347 204,
1001 2297 1024 2335 l.
1045 2312 1104 2350 33.
1126 2297 1248 2336 LEED.
1263 2298 1364 2338 Vide

104 2358 146 2392 N.
163 2361 208 2392 Δ.
228 2354 324 2400 ΧΧ,
344 2353 387 2392 &
405 2352 524 2405 Diog.
547 2353 671 2392 Laert.
692 2351 778 2404 post
796 2364 880 2404 pag.
898 2363 969 2402 507
993 2351 1037 2391 B.
1053 2350 1211 2390 SOLAN.
1227 2350 1364 2391 Servat

104 2407 286 2446 decorum
304 2406 505 2445 Lucianus.
518 2406 686 2445 Volebat
707 2404 977 2457 suspicionibus
995 2403 1216 2456 quibusdam
1240 2404 1367 2443 homi-

103 2473 171 2499 nes
193 2460 369 2499 inducere
390 2459 650 2511 Pythagoras,
671 2470 713 2498 ut
737 2458 955 2506 crederent,
978 2456 1013 2496 se
1031 2457 1104 2496 effe
1127 2457 1360 2512 Apollinem.

100 2513 190 2556 vid.
204 2511 470 2560 Iamblichuss,
486 2526 573 2568 177,
588 2512 629 2555 δι
645 2512 838 2567 Porphyr.
849 2510 875 2553 s.
894 2510 957 2556 28.
971 2510 1127 2614 (35.5ιέ’.4
