1764 3419
433 231 530 296 5ffi
637 223 1509 275 ANNOTATIONES

488 321 561 359 ead.
578 319 603 358 l.
619 331 677 358 10.
686 308 738 356 ’Ὦ
755 315 948 369 μακαρία)
964 314 1095 354 Verba
1112 313 1218 353 Iovis
1230 312 1402 367 ἔνο-τιχα.
1425 312 1617 362 videntur,
1628 313 1702 360 fies-2

434 386 512 427 que
524 374 753 426 corrigenda
766 373 806 411 &
819 369 1046 410 ordinanda:
1098 414 1120 423 Ν
1614 373 1616 376 ·

895 444 940 453 -
961 443 1006 452 —
1032 443 1077 451 —
1095 423 1120 459 ὦ
1136 419 1292 471 μάκαιρ’

537 475 645 519 Ἥτις
667 479 700 518 ἐν
718 477 820 529 ἔρωτι
836 507 848 524 ,
867 477 932 514 καὶ
954 474 1155 528 τοιαύταις
1173 473 1358 513 παιδιαῖς

544 534 624 572 Οὶει
641 532 678 571 3'
698 531 868 581 ἁμέτερα,
882 528 1088 582 πράγματ’
1110 530 1218 566 εἶναι·
1239 539 1335 566 οιλλο
1350 526 1401 565 τί.

436 591 483 627 Tb
502 586 597 625 ἄλλο
613 588 652 624 τί
667 615 678 631 ,
699 585 803 636 quod
817 583 1066 636 supplendum
1079 581 1293 627 videbatur,
1307 579 1565 633 supplevimus
1579 593 1627 621 ex
1645 580 1704 622 sei

436 641 653 694 quentibus.
674 637 843 678 Guvm.

491 696 563 732 ead.
577 693 600 731 l.
621 705 676 744 13.
689 692 742 730 Ἐν
758 689 969 744 ἐσχάτοις)
982 688 1124 728 Senarii
1139 689 1192 727 Ἐν
1209 687 1400 739 ἐσχάτοις
1419 687 1493 728 &c.
1507 687 1576 726 Καὶ
1588 686 1705 728 τοῦτο

436 747 699 787 διε.”Εο-τηκεν
717 743 815 794 ἡμᾶς
829 758 906 783 ειτε
923 743 999 796 χρὴ
1016 742 1179 793 rania&
1194 756 1264 780 ετι.

492 800 560 838 Καὶ
573 802 626 838 τὰ
641 801 721 852 ‘ye'p‘
734 798 839 851 ἔχειν
858 798 894 837 τ’
908 799 953 836 ἀν
969 796 1018 846 τῇ
1031 796 1101 850 γῇ,
1119 797 1198 834 εὶτε
1213 795 1246 833 κ’
1265 792 1490 844 ᾖμελῖῐσῧοιι.
1506 794 1675 835 GUYET.

436 854 473 894 Ν
478 866 528 893 οη
545 853 642 892 male
654 854 807 905 quidem
821 851 1006 902 Guyetus
1021 849 1149 889 rursus
1161 849 1343 894 coniecit,
1363 851 1402 887 &
1426 849 1488 888 hic
1501 849 1633 888 versus
1646 847 1704 889 es-

436 908 496 955 se·,
519 906 579 946 sed
601 907 693 959 quia
711 904 957 957 transpositio
976 903 1030 943 est
1049 903 1269 942 instituenda
1282 931 1292 948 ‚
1311 915 1382 941 nec
1399 902 1554 941 ultimus
1573 913 1701 942 tamen

438 962 572 1001 versus
593 960 694 1000 reae
720 960 912 1013 procedit,
932 959 1022 997 nihil
1042 959 1080 997 in
1103 957 1259 1009 vulgata
1279 957 1435 995 mutavi.
1464 956 1510 994 Et
1525 957 1609 1009 quis
1630 957 1705 1003 ait,

437 1017 658 1067 ubicunque
686 1012 816 1052 versus
838 1011 997 1066 vestigia
1020 1021 1228 1063 apparent,
1247 1009 1342 1048 nihil
1365 1010 1411 1048 de
1437 1009 1506 1049 suo
1530 1009 1701 1049 adiecisse

437 1069 667 1114 Lucianum‚
685 1068 790 1120 quod
805 1068 845 1107 &
860 1067 946 1106 alibi
961 1079 1050 1105 eum
1065 1063 1244 1104 faeritaffe
1258 1062 1444 1102 vidimus?
1460 1063 1548 1102 Alia
1566 1076 1625 1103 res
1636 1063 1704 1111 est,

437 1124 504 1162 ubi
523 1136 596 1162 una
611 1122 752 1175 syllaba
769 1121 914 1168 demta,
930 1120 993 1159 vel
1007 1131 1082 1158 una
1096 1116 1390 1169 transpositione
1404 1115 1520 1164 faeta,
1531 1129 1600 1156 aut
1608 1117 1706 1157 eius⁴

439 1177 546 1216 modi
563 1177 641 1216 levi
657 1176 868 1214 mutatione
884 1174 1016 1213 versus
1030 1173 1197 1226 reparari
1211 1170 1332 1222 potest
1344 1200 1357 1216 ,
1375 1182 1440 1209 aut
1454 1171 1518 1209 ubi
1533 1170 1611 1223 ipse
1624 1173 1679 1210 ait
1691 1199 1705 1218 ,

439 1231 478 1270 se
492 1231 567 1271 hoc
580 1230 644 1269 vel
661 1230 750 1268 illud
765 1231 903 1281 poetae
918 1227 1054 1267 afferre
1065 1255 1077 1273 ,
1099 1226 1151 1265 ibi
1171 1227 1217 1264 ad
1235 1224 1461 1264 restituenda
1475 1236 1596 1264 metra
1613 1237 1705 1278 pro-

439 1286 479 1324 ni
497 1286 649 1325 erimus.
666 1283 814 1322 RmTz.

493 1342 566 1377 ead.
585 1340 608 1377 l.
629 1352 686 1386 14.
705 1335 847 1389 Ξυροῦ)
867 1334 938 1375 Ms.
954 1333 1035 1374 Ox,
1058 1331 1163 1385 ξηροῦ
1185 1329 1259 1378 νῦν,
1275 1331 1381 1385 quod
1400 1331 1504 1371 nihili
1526 1331 1590 1372 est.
1603 1332 1705 1372 Vide

440 1391 544 1432 Iliad.
559 1397 585 1429 K
597 1423 610 1439 ,
627 1405 714 1443 173,
729 1413 775 1421 —
789 1389 856 1428 ἐπὶ
873 1388 978 1441 ξυροῦ
988 1387 1156 1427 ἵσταται
1171 1385 1307 1437 ἀκμῆς.
1324 1387 1495 1426 Utuntur
1506 1386 1546 1426 &
1564 1387 1649 1435 alii3
1663 1387 1706 1427 &

439 1448 513 1485 iam
534 1447 570 1484 in
586 1445 836 1499 proverbium
857 1444 1009 1482 abierat.
1029 1442 1186 1481 SOLAN.

496 1500 586 1552 Pag.
607 1498 694 1537 226.
709 1499 732 1537 l.
752 1512 783 1536 1.
798 1492 920 1549 Αὖθις)
933 1495 990 1535 Ex
1006 1495 1076 1534 Ms.
1090 1493 1168 1548 0³5·
1182 1492 1419 1533 inseruimus.
1435 1493 1594 1533 SOLAN.
1611 1494 1705 1534 Non

439 1554 501 1592 diu
519 1552 698 1591 haesitavi
720 1552 756 1590 in
780 1551 1000 1603 recipiendo
1021 1550 1088 1588 illo
1107 1548 1209 1601 adilae
1230 1560 1279 1587 ex
1301 1547 1401 1587 Cod.
1420 1545 1500 1586 Ox.
1521 1561 1582 1588 res
1601 1549 1703 1588 enim

439 1606 517 1660 ipsa
529 1636 539 1654 ‚
557 1606 597 1645 δι
615 1605 775 1658 sequens
788 1603 1114 1657 ἐπικρατήσαντες
1127 1601 1232 1641 αὐθις
1247 1603 1413 1641 clamant
1423 1632 1434 1650 ‚
1446 1603 1560 1641 etiam
1574 1603 1704 1656 priore

439 1661 532 1701 loco
548 1661 645 1700 idem
660 1660 817 1711 requiri.
830 1659 976 1698 Rnrz.

493 1718 566 1753 ead.
584 1715 605 1752 l.
626 1729 660 1762 4.
679 1716 816 1765 Θάρσει
836 1735 879 1742 -
893 1711 1010 1764 θεοῖς)
1025 1710 1211 1750 Senarius.
1227 1707 1395 1749 GUYET.
1410 1707 1571 1748 Parodia
1586 1708 1704 1749 Euri-—

441 1769 516 1821 pid.
532 1770 569 1807 in
588 1768 729 1808 Phoen.
749 1781 762 1805 1
775 1766 841 1806 18:
862 1767 1000 1817 Θάρσει
1016 1768 1070 1804 τὰ
1089 1765 1130 1817 ‘y’
1150 1763 1251 1803 ἑνὲον
1271 1761 1461 1813 ἀσφαλῶς
1477 1763 1563 1816 ἔχει
1577 1765 1702 1803 πόλις.

440 1822 598 1863 SOLAN.

495 1880 566 1915 ead.
586 1877 608 1915 l.
629 1875 771 1915 6.·Ὀτε
787 1896 833 1904 -
847 1871 1096 1925 παραλυπεῑ)
1117 1869 1203 1910 Mff.
1226 1869 1350 1923 Regg.
1379 1883 1495 1924 2954.
1522 1884 1636 1924 2955.
1658 1869 1705 1912 &

443 1943 513 1984 301
527 1944 557 1970 ι.
569 1929 687 1981 Vulg.
700 1928 934 1981 παραλυποῖ.

495 1985 575 2024 ibid.
591 1983 720 2022 Πῶλος
733 1986 750 2021 ὴ·
763 1979 1048 2033 Ἀριστὸἓημος)
1061 1979 1156 2019 Sunt
1170 1977 1391 2018 histrionum
1405 1978 1560 2017 nomina
1570 2008 1582 2026 ‚
1594 1989 1638 2018 ut
1650 1977 1705 2017 in-

440 2036 508 2077 fra.
527 2037 671 2077 COGN.
697 2034 771 2074 Τῶν
791 2033 1019 2088 τραγῳδιῶν
1039 2031 1242 2085 ὑποκριταὶ
1263 2029 1426 2072 fortaffe.
1447 2030 1613 2072 GUYET.
1636 2031 1704 2072 De

444 2091 503 2130 his
518 2092 606 2130 vide
622 2095 708 2129 Μεν.
724 2103 753 2128 c.
768 2094 815 2128 16
827 2119 839 2137 ,
855 2091 896 2128 δι
912 2087 1011 2127 infra
1030 2100 1061 2127 c.
1078 2100 1142 2135 41.
1162 2084 1279 2125 Polus
1293 2085 1564 2131 Demosthenis
1578 2097 1704 2126 aetate

441 2144 672 2190 vixit,Plut.
698 2157 819 2195 1544,
839 2141 1027 2193 131558‚
1049 2153 1239 2193 231579‚
1259 2140 1411 2189 23621,
1432 2153 1464 2187 ι,
1486 2139 1528 2178 δι
1553 2154 1648 2189 1405
1674 2139 1704 2180 f.

442 2198 508 2237 diu
524 2199 632 2237 vixit.
645 2197 747 2236 Vide
759 2197 873 2236 etiam
888 2195 1048 2235 A.Ge11.
1061 2193 1161 2239 Vll,
1180 2208 1210 2243 5.
1223 2192 1486 2232 Aristodemus
1498 2194 1612 2232 etiam
1625 2193 1706 2233 De-

441 2251 648 2291 mosthenis
663 2261 786 2290 aetate
799 2250 908 2288 vixit.
923 2249 1023 2288 Vide
1042 2246 1242 2287 Demosth.
1256 2261 1291 2300 p.
1305 2260 1355 2287 m.
1373 2245 1444 2285 168
1458 2245 1506 2286 C.
1524 2260 1614 2287 cum
1627 2248 1704 2287 Ae-

440 2305 606 2346 schinem
620 2305 687 2344 sub
701 2317 750 2343 eo
762 2304 888 2342 tertias
899 2301 1011 2356 egisse
1023 2313 1148 2355 partes
1163 2300 1360 2341 affeveret.
1374 2299 1534 2341 SOLAN.

497 2362 570 2398 ead.
582 2360 603 2396 l.
622 2358 659 2397 8.
669 2355 855 2408 Τιμοκλῆς
871 2379 916 2386 -
930 2355 1077 2408 Δάμις)
1093 2356 1267 2395 Timoclem
1279 2355 1455 2394 Stoicum
1466 2353 1623 2401 nullibi,
1633 2353 1702 2394 nisi

442 2413 541 2465 apud
554 2411 751 2457 Nostrum,
764 2412 936 2450 invenio.
951 2411 1180 2448 Heeoemocles
1192 2408 1356 2457 Stoicus,
1369 2409 1489 2461 quiin
1499 2413 1634 2459 Συμπ.
1646 2409 1704 2447 in-

440 2467 606 2511 ducitur,
623 2466 720 2504 idem
733 2464 785 2504 est
801 2465 897 2503 haud
911 2464 1023 2502 dubie
1035 2476 1123 2503 cum
1137 2476 1186 2502 eo
1195 2492 1207 2510 ‚
1219 2463 1264 2501 ad
1276 2475 1391 2515 quem
1403 2461 1514 2501 suum
1524 2462 1571 2503 de
1580 2463 1703 2504 Mete.

439 2521 552 2560 cond.
567 2520 703 2559 librum
718 2518 852 2560 scribit.
862 2518 961 2559 Vide
974 2527 1056 2557 not.
1068 2517 1114 2557 ad
1126 2520 1242 2558 Μισδ.
1257 2528 1289 2556 c.
1306 2531 1342 2556 2.
1353 2515 1516 2557 Sol-AN.
