1764 3419
318 289 421 334 IN
487 286 986 333 ToxARIN.
1112 279 1277 357 '435

23 394 80 436 pr.
95 380 251 421 SOLAN.
264 380 369 421 Nota
388 379 440 420 est
463 380 686 433 metaphora
708 379 752 419 de
767 379 830 426 iis,
851 380 915 432 qui
933 379 1038 418 bona
1058 379 1261 432 profudere
1274 413 1285 428 ‚

26 447 93 475 aut
115 449 227 488 quem
251 435 495 474 assentatores
517 445 560 472 ac
583 434 803 473 meretrices
827 433 1057 477 exedetunt,
1078 435 1139 472 vel
1156 436 1284 486 potius

26 490 246 535 ebiberunt,
270 488 368 527 unde
393 488 588 537 vulgatum
604 486 694 525 iilud
709 485 985 528 Horatianum,
1002 486 1207 538 Diffitgiunt
1225 504 1284 526 ca-

25 544 80 580 dis
94 556 166 581 cum
174 541 270 592 fizece
275 541 413 592 siccatis
433 540 558 578 Amici.
578 539 640 579 De
660 552 825 593 paupgre
848 553 891 579 ac
917 538 1092 578 famelico
1115 541 1281 592 Alciphr.

25 595 100 640 ΙΙΙ,
116 595 184 646 Ep.
198 610 223 643 4
234 624 245 640 ‚
261 608 304 647 p:⁴
314 594 388 632 282
405 589 469 633 ,ὥς
488 592 548 632 νῦν
563 592 640 645 ἐγώ
654 606 710 631 σοι
729 594 818 631 αὖος
833 589 906 631 ὑπὸ
927 592 1037 642 λιμοῦ
1052 595 1114 631 καὶ
1129 589 1286 648 αὐχμη-

24 647 92 701 ρός.
108 646 179 687 Sed
195 647 235 687 &
251 649 337 686 αὖον
352 658 479 685 mutum
489 659 571 696 prae
585 658 670 684 metu
684 659 743 697 ap.
762 646 860 685 Suid.
880 646 920 684 &
941 646 1083 695 loseph.
1104 647 1199 694 csse,
1216 649 1284 687 do-

25 712 86 740 cet
99 701 139 740 L.
155 701 233 740 Bos
249 701 456 739 Animadv.
470 700 513 737 ad
528 699 629 738 Suid.
644 712 676 738 c.
690 713 706 751 3
719 713 752 750 5,
763 713 798 741 ι).
817 712 901 751 145.
917 698 1055 738 Rmz.

81 756 247 805 Pag.75.
264 755 284 791 l.
304 748 479 792 ι.’”Αλλον
505 754 594 791 τινὰ,
611 752 733 804 Κρῆτα
756 753 941 792 νεανίσκον
964 753 1037 792 τῶν
1058 752 1283 806 ὑποχρύσων

29 807 161 860 ἐθήρα)
179 808 298 845 Alium
321 808 483 859 quendam
498 806 772 856 adolescentulum
790 806 967 858 Cretensem
988 809 1062 845 hene
1076 821 1285 848 numtmstnm

25 872 147 900 venata
167 859 467 914 estfrvrbxpvcof
488 857 540 897 est
557 860 602 897 ad
621 860 703 898 auri
724 859 895 898 colorem
918 861 1118 906 accedens,
1143 860 1284 901 subau-

27 926 134 960 reus,
155 924 198 952 ut
219 913 268 953 fic
295 915 440 951 dicam:
468 923 511 950 ut
535 912 652 963 paulo
674 911 830 952 inferius
847 908 1022 966 ὑπόχρως
1047 913 1286 966 subpallidus,

27 967 117 1006 Non
139 967 322 1006 convenit
336 964 545 1018 pecunioso
561 966 694 1005 iuveni
713 966 786 1005 hoc
800 967 975 1005 verbum.
990 967 1153 1006 Videtur
1170 969 1286 1008 literis

26 1019 256 1072 transpositis
273 1018 450 1071 scripsisse
467 1019 654 1057 Lucianus
666 1019 741 1058 τῶν
757 1019 1018 1073 πολυχρύσων.
1031 1019 1201 1061 GRAEV.

83 1075 155 1112 ead.
173 1075 196 1112 l.
214 1087 269 1112 12.
288 1072 401 1111 Μόνον
421 1067 533 1110 adm
557 1071 630 1110 τῶν
652 1072 798 1125 φίλων)
824 1073 916 1112 Non
940 1072 1056 1111 ausim
1077 1073 1208 1114 severe
1227 1075 1287 1114 da-

30 1139 161 1166 mnare
182 1127 281 1166 hanc
305 1126 507 1166 lefflonem
524 1138 531 1163 :
551 1125 673 1178 potest
691 1126 792 1164 enim
813 1126 886 1166 τῶν
909 1127 1027 1177 φίλων
1048 1127 1286 1167 latitudinem

29 1180 216 1233 quandam
232 1179 368 1218 habete
379 1210 389 1225 ‚
411 1179 451 1217 &
463 1191 531 1217 eos
544 1179 655 1217 etiam
669 1180 1003 1231 comprehendere,
1018 1180 1083 1231 qui
1098 1179 1118 1218 s
1140 1182 1219 1221 ecie
1231 1193 1286 1221 te—

28 1245 100 1273 nus
117 1234 233 1273 modo
249 1232 333 1271 sunt
354 1232 457 1271 tales.
476 1231 547 1271 Sed
568 1233 721 1271 videtur
741 1241 869 1274 tamen
887 1245 1083 1286 opponere
1120 1235 1170 1272 ibi
1189 1236 1288 1273 invi-

32 1300 116 1327 cem
141 1286 240 1326 velle
263 1287 400 1326 auetor
415 1288 479 1324 τὶν
501 1285 624 1335 φίλον,
650 1286 692 1326 &
714 1285 802 1324 τοὺς
824 1286 1002 1326 κόλακας·
1025 1286 1290 1328 vehementius

29 1351 134 1380 certe
147 1340 319 1379 locutum
337 1337 429 1383 effe,
448 1337 476 1377 fi
498 1339 548 1377 ita
564 1339 729 1383 dederit,
747 1351 861 1379 nemo
883 1338 991 1380 facile
1009 1340 1219 1392 negaverit.
1240 1341 1288 1381 E-

29 1394 183 1447 quidem
199 1394 249 1432 ita
264 1394 532 1444 interpretatus
551 1392 643 1430 sum.
663 1391 787 1431 GESN.

87 1448 176 1500 Pag.
188 1447 255 1497 76.
269 1447 293 1486 l.
311 1460 341 1485 1.
355 1443 628 1499 Γραμματεῑα)
643 1444 681 1485 Ρ.
691 1445 732 1485 &
745 1446 787 1485 L.
802 1444 957 1499 Reliqui
974 1459 1086 1493 vero,
1097 1456 1141 1486 ut
1156 1446 1287 1501 supra,

29 1501 265 1555 ’γραμμάτια
277 1530 290 1546 ,
313 1511 443 1551 prave.
458 1498 613 1538 SOLAN.

83 1556 156 1593 ead.
170 1555 194 1593 l.
210 1551 665 1605 3.Ἐπικαιλοιμησόμενοι)
679 1551 742 1592 Sic
763 1553 864 1593 reete
878 1553 1016 1604 legitur
1026 1552 1064 1591 in
1078 1554 1131 1593 Fl.
1145 1553 1201 1592 ed.
1216 1566 1288 1605 pro

0 1644 1 1658 ς
30 1620 102 1656 eo,
115 1607 221 1660 quod
236 1608 272 1645 in
287 1606 438 1658 reliquis
451 1605 521 1651 est,
549 1605 738 1658 &inipso
752 1604 790 1645 P.
807 1606 1201 1656 ἑπιπαλαμησόμενοι.
1217 1607 1290 1647 So-

0 1690 2 1705 ,
30 1671 129 1700 LAN.
151 1661 189 1700 Si
209 1660 371 1699 omnino
392 1658 594 1711 legendum
614 1659 659 1697 sit
679 1658 1062 1711 ἑπιπαλειμησ-όμενοι
1076 1690 1086 1708 ,
1103 1659 1291 1712 fignifica-

0 1727 1 1731 ’
31 1714 109 1761 bit,
133 1729 268 1754 manum
290 1714 458 1752 admoturi
479 1713 566 1765 operi
582 1712 672 1764 suo,
693 1713 729 1751 h.
755 1725 786 1751 e.
808 1714 937 1751 denuo
961 1714 1008 1751 ad
1033 1714 1290 1754 adulationem

30 1767 251 1807 consuetam
268 1767 361 1806 olim
378 1766 554 1814 redituri3
577 1767 639 1805 vel
654 1767 766 1805 etiam
787 1766 831 1805 ad
850 1766 998 1816 dolosam
1013 1768 1289 1808 machinationem

32 1820 163 1861 referri
177 1821 330 1874 poterit.
343 1819 414 1858 Sed
432 1820 582 1858 videtur
598 1820 647 1858 H.
662 1819 878 1871 Stephanus
891 1820 1026 1859 librum
1042 1819 1231 1866 habuiffe,
1251 1823 1292 1860 in

29 1888 115 1928 quo
128 1875 318 1927 legeretur
331 1872 725 1922 ἐπικαλαμησόμενοι,
739 1871 816 1925 (ita
830 1882 933 1912 certe
949 1872 1015 1912 sub
1026 1874 1100 1912 hoc
1113 1872 1194 1926 ipso
1206 1887 1293 1914 ver-

33 1928 86 1968 bo
108 1929 256 1974 laudat,
271 1928 312 1967 &
328 1928 379 1966 ait
390 1957 402 1975 ‚
418 1927 515 1965 male
531 1926 652 1978 vulgo
673 1927 745 1978 legi
760 1926 849 1965 illud
864 1926 1025 1965 alterum
1042 1927 1292 1978 ἑστιπειλαμη-

37 1981 214 2034 σὸμενοι.)
239 1982 288 2020 Et
308 1980 394 2019 sane
411 1980 575 2032 spicilegii
595 1979 819 2031 fignificatio
839 1980 962 2019 multo
985 1981 1228 2020 commodius
1247 1981 1292 2020 ad

34 2034 74 2075 h.
87 2037 109 2075 l.
120 2035 274 2074 videtur
287 2034 466 2087 applicati
480 2032 595 2085 poffe.
611 2033 659 2072 Et
672 2034 788 2072 video
798 2063 809 2081 ‚
824 2033 920 2071 idem
934 2032 1110 2085 placuiffe
1123 2033 1264 2073 Solano
1278 2064 1294 2081 ‚

36 2088 135 2128 forte
155 2102 201 2127 ex
217 2089 295 2127 alio
318 2087 435 2127 fonte.
458 2087 573 2127 Certe
596 2087 648 2125 ita
671 2087 993 2139 interpretandum
1017 2088 1172 2139 putavi3
1188 2089 1297 2140 quid-

36 2142 130 2195 quid
144 2141 188 2180 fit
201 2142 247 2181 de
269 2142 498 2182 auetoritate
517 2139 712 2192 utriusque
727 2140 836 2179 verbi
850 2139 1051 2192 compositi
1065 2171 1076 2187 ‚
1095 2142 1204 2180 cuius
1221 2154 1296 2181 no-

37 2206 118 2234 tum
136 2195 315 2248 simplex,
328 2192 451 2247 ipsum
474 2194 595 2232 adhuc
620 2191 732 2244 ἅπαξ
754 2194 972 2247 λεγόμενον,
990 2205 1109 2246 puto,
1128 2195 1168 2231 in
1185 2194 1295 2233 Lexi-

37 2250 104 2289 cis.
119 2248 243 2288 GEsN.
265 2246 691 2299 Ἐπικωλαμκσὸμενοι)
712 2246 771 2286 Ita
793 2249 952 2286 omnino
975 2247 1174 2299 legendum
1193 2249 1296 2287 vide-

42 2313 117 2342 tur.
138 2301 182 2340 In
210 2302 365 2341 addend.
389 2302 446 2340 ed.
463 2299 607 2340 Graev.
630 2301 774 2353 Menag.
794 2300 853 2341 Sic
875 2299 1001 2340 rursus
1019 2301 1132 2340 etiam
1150 2301 1195 2340 ad
1213 2313 1297 2341 ver-

41 2355 133 2395 bum
149 2355 333 2407 Guyetus
350 2355 386 2392 in
400 2364 498 2392 nott.
511 2353 594 2392 Mff.
608 2352 756 2392 REITz.

55 2427 58 2429 ·
94 2409 172 2446 ibid.
185 2407 360 2460 Ὁρῶντες
375 2406 581 2456 ἐέώὲιμον)
597 2406 785 2456 Erasmus,
799 2407 914 2446 huius
928 2405 1088 2459 Dialogi
1100 2407 1296 2459 interpres,

39 2461 221 2502 le&0rem
245 2461 354 2514 saepe
376 2460 524 2512 decipit.
537 2461 657 2499 Verte
676 2461 788 2514 igitur
800 2460 902 2499 hunc
919 2460 1062 2508 locum,
1079 2470 1123 2499 ut
1135 2459 1297 2500 Godofr.

39 2515 256 2567 Maluynus
281 2514 441 2554 Senator
457 2512 680 2555 clatiffimus
696 2515 848 2553 monuit
861 2544 873 2559 ‚
887 2515 1127 2559 machinantes,
1148 2525 1186 2552 ut
1206 2513 1298 2551 vide-

41 2580 120 2608 runt
133 2570 168 2609 in
183 2569 295 2609 Dinia
307 2570 415 2607 adhuc
428 2566 487 2620 effi:
497 2570 588 2621 quod
594 2567 767 2621 edipoffit.
781 2567 842 2615 Sic
855 2567 1010 2659 Teteznt.
1026 2566 1197 2607 Eunuch.
1211 2567 1299 2605 hunc

985 2633 1005 2659 e
1033 2633 1056 2659 2
