1764 3419
440 220 536 288 5ss
633 214 1506 268 ANNOTATIONES

445 309 588 362 allage,
611 307 715 360 quod
736 306 901 347 indicavi
926 305 971 345 ad
988 304 1125 344 Amor.
1140 317 1174 345 c.
1194 319 1258 354 41.
1279 304 1341 345 Sic
1360 306 1465 345 Afin.
1484 318 1518 345 c.
1533 305 1605 354 48,
1621 307 1707 347 §ff

441 364 638 412 βάλλομοιι
660 362 874 412 στρώματα,
889 357 1051 410 πορφυροῖ
1061 387 1076 404 ,
1091 359 1132 397 δι
1144 358 1316 398 sexcenta
1331 358 1470 399 fimilia.
1484 359 1620 410 Quare
1634 374 1705 413 pa·

446 430 532 457 rum
548 415 690 460 abfuit,
709 415 804 466 quin
824 413 861 450 in
875 411 996 464 ipsum
1010 422 1159 450 textum
1175 412 1396 462 reciperem.
1414 412 1560 451 Rerrz.
1578 413 1705 465 Quod

446 470 612 512 Solanus
635 468 754 520 probe
774 466 960 504 divinarat
975 465 1175 517 legendum
1200 464 1422 515 ἐξημμένος,
1436 466 1473 504 id
1486 466 1558 505 iam
1572 465 1707 506 Lucia-

447 537 501 564 no
514 522 739 562 reddidimus
751 518 978 557 auctoritate
992 517 1061 557 Ms.
1077 517 1174 569 Reg.
1191 531 1260 569 301
1274 531 1304 557 1.

501 579 573 615 ead.
594 576 618 612 I.
636 587 673 626 9.
686 575 731 609 Tb
748 572 893 611 &Tmou
915 569 1001 622 ἄρτι
1018 570 1309 623 συνεκομίζετο)
1332 571 1508 611 Verbum
1534 571 1634 620 hoc,
1657 571 1706 612 ad

442 639 696 678 mortuorum
711 638 843 664 curam
857 625 897 664 δι
911 623 1141 676 sepulturam
1158 625 1349 675 pertinens
1360 654 1371 670 ‚
1391 637 1470 663 non
1484 624 1560 664 sine
1572 625 1706 677 lepore

450 684 496 722 ad
514 681 628 720 finem
643 691 810 726 coenae,
829 678 870 716 &
886 678 1058 717 ciborum
1072 677 1302 716 ablationem
1318 676 1493 725 refertur,
1505 690 1593 717 cum
1607 678 1708 718 satu·-

449 736 519 775 rati
535 734 620 774 cibo
630 733 823 772 convivae
834 732 880 770 ad
890 731 1068 770 laetiores
1081 730 1394 769 invitatiunculas
1409 731 1449 769 &
1461 732 1599 782 pocula
1614 732 1711 772 ube-

448 790 553 829 riora
567 785 771 826 transeunt.
784 785 899 824 Hunc
913 783 985 823 τῶν
999 781 1228 834 φιλοτησιῶν
1250 783 1380 822 locum
1394 783 1512 832 fuisse,
1525 796 1612 824 cum
1627 783 1709 824 He-

448 841 570 894 sychii
583 839 782 891 descriptio
795 839 923 884 docet,
937 837 1115 888 πρόποσίς
1128 850 1188 875 τις
1197 839 1305 885 μετὰ
1316 839 1360 875 τό
1375 835 1522 877 sermon
1535 833 1626 888 ὑπὲρ
1641 850 1708 887 φι-

449 897 553 941 λίοις,
567 907 647 933 tum
667 893 726 931 ille
748 892 918 931 Socratis
943 894 982 930 δι
1003 890 1203 929 Phocionis
1227 889 1514 930 charientismus
1537 891 1583 930 de
1604 892 1709 931 cicu-

449 962 512 990 tae
528 947 671 1000 poculo
684 975 694 992 ,
708 945 808 997 apud
822 945 1023 983 Aelianum
1037 944 1089 982 V.
1107 943 1160 982 Η.
1182 942 1222 988 1,
1241 944 1308 990 16,
1327 942 1367 982 &
1379 943 1476 990 XII,
1491 957 1553 994 49.
1574 944 1709 996 Itaque

449 1002 615 1057 probavi
629 999 740 1039 etiam
759 997 960 1037 lefiionem
972 1027 986 1043 ,
997 1009 1111 1050 quam
1125 996 1263 1035 habent
1278 997 1365 1035 ΑΖΔ.
1383 1011 1418 1036 2.
1431 997 1473 1036 ὅ(
1487 998 1587 1050 Hag.
1604 1009 1709 1038 utra-

450 1069 528 1110 que
543 1052 836 1105 ἐκκομιζομένου.
854 1050 978 1091 GESN.

505 1111 577 1148 ead.
592 1109 615 1146 l.
632 1120 690 1146 10.
705 1106 746 1144 ‘O
765 1105 881 1144 πότος
898 1101 1175 1155 συνεκροτεῖτο)
1189 1102 1242 1142 Ut
1255 1102 1292 1142 in
1305 1102 1452 1156 Nigrin.
1467 1103 1641 1143 BOURD.
1654 1104 1709 1144 At
1763 1110 1764 1133 ἲ

453 1160 646 1203 Scholiast.
666 1162 711 1199 τό
731 1161 845 1197 ποτόν
869 1168 1046 1197 neutrum
1062 1155 1154 1195 facit
1162 1170 1175 1204 3
1192 1157 1297 1221 quod
1318 1161 1431 1195 etiam
1446 1156 1648 1202 usitatum,
1664 1168 1710 1198 ut

452 1217 566 1269 supra
586 1229 599 1253 1
617 1215 712 1253 Ver.
726 1211 821 1251 Hist.
839 1224 872 1251 c.
888 1225 952 1263 23,
971 1212 1086 1250 ποτόν
1107 1209 1150 1248 ἑὲ
1169 1208 1299 1249 αυτοῖς
1315 1210 1419 1249 ἐστιν
1435 1209 1509 1250 διε.
1523 1211 1588 1250 ubi
1608 1212 1709 1251 idem

453 1284 502 1311 ex
514 1269 607 1310 Ceb.
620 1267 695 1306 tab.
709 1277 869 1318 quoque
881 1264 1054 1316 probavi.
1068 1263 1176 1302 Adde
1189 1262 1286 1301 infra
1299 1262 1396 1302 Icar.
1407 1276 1440 1302 c.
1455 1277 1479 1313 7
1494 1263 1518 1303 f.
1532 1264 1579 1304 Et
1592 1264 1711 1307 Diod.

453 1324 528 1364 Sic.
542 1323 584 1362 L.
599 1321 673 1368 111,
686 1332 719 1359 c.
735 1334 797 1371 33,
810 1333 847 1358 ν.
864 1318 915 1371 89
926 1347 939 1363 ,
958 1317 1025 1356 ubi
1038 1315 1146 1356 τοῦτο
1162 1318 1203 1355 τὸ
1219 1318 1337 1356 ποτὸν
1357 1317 1396 1356 in
1411 1317 1586 1357 variantt.
1604 1331 1712 1371 quo-

452 1389 529 1430 que
543 1375 680 1415 eodem
703 1373 820 1412 modo
840 1372 1037 1424 probatur.
1048 1369 1089 1408 ‘O
1109 1369 1224 1409 πότος
1247 1380 1375 1410 autem
1400 1370 1510 1411 masc.
1534 1371 1622 1411 satis
1641 1372 1711 1414 ob·

453 1431 565 1469 vium
583 1428 621 1467 δι
635 1440 656 1466 a
668 1424 966 1477 Lexicographis
978 1425 1051 1462 iam
1067 1422 1119 1462 sat
1134 1423 1263 1463 multis
1277 1422 1468 1464 firmatum
1483 1437 1531 1463 ex
1545 1426 1625 1465 aliis
1637 1426 1713 1464 Lu-

454 1483 554 1522 ciani
567 1481 662 1520 locis
672 1509 683 1527 ‚
698 1477 849 1530 aliisque
862 1477 977 1517 auch.
989 1475 1252 1515 Differentiam
1265 1488 1390 1517 autem
1404 1490 1476 1531 pro
1489 1479 1634 1519 ratione
1649 1492 1712 1519 ac-

453 1547 613 1580 centus,
635 1546 750 1585 quam
777 1530 975 1571 Scholiast.
1000 1531 1133 1576 tradit,
1155 1530 1388 1571 Ammonius
1411 1532 1714 1583 quoqueyhabet.

454 1589 528 1629 Sed
545 1599 750 1638 utrumque
768 1585 877 1625 masc.
899 1597 982 1638 gen.
1004 1583 1133 1631 effert,
1155 1583 1343 1624 scribens:
1360 1583 1481 1624 Πότος
1493 1586 1715 1637 βαρυτόνως,

453 1644 518 1682 καὶ
532 1645 648 1683 ποτος
659 1639 837 1690 ὀξυτόνως
848 1638 1022 1690 διαφέρει.
1036 1637 1155 1676 Πότος
1166 1636 1234 1686 μὲν
1252 1637 1330 1691 γάρ
1346 1638 1433 1678 ἐστι
1449 1639 1653 1690 βαρυτόνως
1666 1642 1713 1679 τὸ

457 1696 676 1746 συμπόσιον·
696 1691 742 1732 ὧς
758 1691 978 1743 Μένανέρος,
995 1690 1108 1729 Πότοι
1134 1690 1321 1744 συνεχεῖς,
1343 1691 1456 1737 κύβοι.
1470 1692 1643 1743 ὀξυτόνως
1667 1692 1714 1732 δὲ

454 1747 551 1789 adn
566 1752 609 1788 τό
626 1747 788 1797 ἔκπομα·
801 1742 848 1785 ὧς
861 1744 1102 1795 Δημοσὲένης
1116 1765 1160 1773 -
1176 1742 1312 1796 Βρωτσῦ
1327 1745 1391 1783 καὶ
1406 1745 1527 1784 ποτοῦ
1535 1758 1715 1796 μεταλα-

453 1802 544 1849 βεῖν.
558 1803 617 1842 Sic
631 1802 704 1841 iam
718 1801 835 1840 πότος
850 1800 891 1840 δι
910 1800 1044 1844 ποτος,
1057 1797 1098 1837 &
1119 1802 1234 1837 ποτὸν
1246 1810 1386 1838 neutro
1402 1812 1540 1851 genere
1559 1799 1714 1852 usurpa·

453 1868 535 1896 tum
553 1855 718 1909 probum
735 1854 808 1894 est:
832 1864 870 1892 at
889 1863 1069 1892 neutrum
1083 1853 1128 1891 τό
1150 1851 1267 1891 πότον
1289 1852 1392 1892 unde
1412 1853 1612 1905 probetur,
1632 1866 1713 1893 non

453 1910 601 1958 habe03
616 1922 685 1948 nec
704 1906 904 1960 probabile
922 1917 1040 1959 puto:
1061 1918 1148 1944 nam
1162 1908 1276 1945 ποτὸν
1298 1918 1434 1945 revera
1455 1917 1636 1946 neutrum
1659 1907 1714 1946 est

453 1963 630 2004 adieetivi
643 1964 760 2001 orme
771 1961 954 2014 potabilis,·
967 1971 1004 1998 at
1018 1971 1106 1998 cum
1121 1958 1135 1996 ὁ
1149 1957 1265 1998 πότος
1279 1958 1323 1998 stt
1340 1958 1614 2000 substantivum
1629 1971 1714 2000 tan-

452 2028 559 2063 tum,
579 2028 658 2056 non
675 2015 790 2055 credo
811 2016 851 2054 δι
863 2014 992 2053 eadem
1008 2013 1156 2052 ratione
1167 2013 1211 2051 τό
1227 2012 1343 2052 πότον
1357 2013 1428 2052 dici
1443 2011 1558 2065 poss'e.
1573 2013 1712 2065 Quare

450 2072 616 2124 primum
629 2069 772 2109 Scholii
784 2067 944 2107 verbum
965 2067 1004 2105 in
1023 2067 1138 2105 πότος
1155 2066 1377 2105 mutandum
1396 2065 1546 2106 censeo.
1565 2067 1716 2112 REITz.

505 2128 578 2163 ead.
593 2125 617 2162 l.
638 2137 651 2161 1
664 2137 678 2161 1
688 2151 696 2160 .
711 2120 940 2166 Φιλοτησίας
954 2118 1198 2172 προπίνοντα)
1213 2119 1310 2159 Vide
1321 2119 1391 2160 Iul.
1403 2119 1571 2173 Capitol.
1584 2121 1624 2161 in
1634 2122 1718 2161 Ve-

450 2190 498 2217 ro
509 2207 520 2223 ‚
538 2189 653 2230 quem
667 2176 721 2214 ait
738 2175 932 2214 convivas
943 2174 993 2213 ita
1005 2172 1166 2212 donaffe.
1183 2173 1343 2212 som«.

502 2231 583 2270 ibid.
597 2230 652 2268 Ἐν
664 2228 829 2282 χρυσαῖς
842 2225 1030 2279 φιάλαις)
1044 2226 1104 2266 Sic
1126 2226 1229 2266 bibere
1243 2237 1296 2264 ιΝ
1305 2228 1443 2281 poculo,
1462 2239 1535 2279 pro
1547 2239 1629 2276 EX,
1647 2228 1715 2268 ha-

450 2284 604 2324 buimus
617 2282 753 2336 supra,
768 2281 892 2321 Deor.
910 2279 1136 2330 Dia1.V1‚§
1151 2294 1172 2318 2
1185 2310 1196 2327 ,
1217 2281 1251 2321 ἐν
1264 2279 1468 2330 ἐκπώματι
1482 2280 1595 2321 πιεῖν.
1614 2281 1713 2322 Item

448 2339 496 2378 de
517 2338 638 2378 Merc.
653 2337 764 2375 cond.
781 2348 865 2388 cap.
891 2335 940 2373 26
961 2334 985 2373 f.
999 2333 1033 2372 ἐν
1047 2334 1191 2387 ἀργύρῳ
1214 2333 1279 2373 καὶ
1300 2333 1431 2388 χρυσῷ
1444 2334 1572 2374 πίνειν.
1587 2334 1714 2388 Quod

448 2392 564 2430 etiam
591 2390 730 2430 Latinis
753 2388 928 2429 usitatum
956 2387 1101 2427 ostendi
1127 2387 1166 2426 in
1187 2387 1318 2428 libello
1341 2389 1387 2428 de
1410 2387 1624 2442 Ambiguis.
1649 2387 1713 2429 Sic

448 2445 564 2484 etiam
584 2444 808 2484 Athenaeus
827 2442 905 2490 Xl,
927 2454 1012 2494 pag.
1036 2441 1128 2494 483,
1150 2454 1233 2494 cap.
1252 2454 1322 2488 ιο,
1347 2444 1514 2482 πίνουσιν
1540 2442 1577 2482 ἐν
1601 2441 1713 2482 πιθά-

447 2513 564 2540 κναις·
586 2510 676 2538 cum
695 2497 846 2537 duobus
864 2508 952 2536 ante
977 2493 1146 2538 versibus
1162 2493 1324 2545 dixisset,
1350 2495 1519 2538 πίνουσιν
1542 2495 1586 2537 ἐκ
1603 2510 1715 2550 κεραο-
