1764 3419
343 237 446 284 IN
511 232 1115 284 TOXARINq.
1209 258 1301 305 449

33 325 110 373 ἐπὶ
121 324 193 366 τῶν
204 324 460 372 ἐπιστολιῖν,ὃ
480 325 544 365 ἐπὶ
556 325 630 365 τῶν
644 325 783 372 ξενίων,
794 339 841 366 ex
855 327 905 366 H.
915 327 1098 379 Steph.de
1111 325 1152 367 L.
1165 327 1302 371 Graec.

39 381 83 419 δι
94 379 191 420 Gall.
209 392 325 419 conv.
341 392 425 433 pag.
445 393 510 431 91,
525 379 617 419 Obs.
631 381 654 419 6
666 409 678 426 ,
693 381 841 420 notavit
858 380 973 420 frater
987 380 1036 421 G.
1048 380 1099 421 O.
1121 381 1241 422 Reitz.
1263 386 1299 422 in

36 432 146 484 Belg.
161 431 340 472 Graeciff.
357 447 391 485 p.
407 447 480 481 471
501 455 546 462 —
566 447 600 472 2.
619 433 764 472 RmTz.

95 487 297 538 Pag.91.l.
323 498 352 535 5.
375 485 430 533 Τῷ
454 485 554 537 ξύλῳ
577 485 962 539 κατακεκλεισμένα)
984 486 1041 526 Ex
1063 487 1161 526 mala
1186 489 1300 529 inter»

38 539 246 592 punfflone
258 539 356 578 mala
369 539 459 578 olim
475 540 599 578 verlio
614 550 720 588 nata;
747 552 833 579 cum
849 541 948 579 enim
961 553 1114 580 comma
1140 542 1222 594 post
1239 558 1300 582 νυ·

38 596 131 632 κτὶς
145 592 235 632 effer
258 592 445 646 pofflum,
470 593 671 640 dederant,
697 607 810 645 utpote
831 594 888 645 qui
906 596 999 632 humi
1023 597 1179 642 cubaret,
1203 597 1298 649 idq1oe

34 647 137 685 etiam
152 650 270 685 noan.-
289 659 408 698 quare
423 646 458 684 id
472 659 623 685 comma
637 646 780 692 sustuli,
793 646 914 698 probe
928 659 1111 687 monente
1124 649 1152 687 I.
1170 649 1298 689 Ellne-

35 712 86 738 ro
103 700 148 738 ad
167 699 252 739 Αὲὶ.
267 699 401 752 Apost.
413 700 531 747 XVI,
553 714 616 747 24,
636 700 700 738 ubi
720 701 916 745 habemus,
932 701 1017 741 τοὺς
1031 701 1157 742 πέδας
1171 701 1294 743 αὐτῶν

33 750 277 800 ἠσφαλίσατο
294 753 346 792 εἰς
360 756 403 791 τὸ
414 752 536 804 ξύλον.
562 752 656 804 Qua
677 753 878 792 occasione
901 753 1011 805 plura
1029 754 1142 795 affert
1164 757 1209 795 ad
1230 770 1296 796 ex-

35 806 250 857 plicandum
265 807 437 858 captivos
449 806 554 859 ligno
566 807 752 846 vinciendi
771 819 938 846 morem:
953 821 1040 847 eum
1055 810 1172 860 igitur
1187 811 1293 850 adeat

32 859 209 903 curiosus
227 859 360 904 leftor,
383 873 470 898 cum
484 860 869 900 Commentatoribus
887 861 1206 915 adAristophanis
1227 878 1292 904 va-

31 912 90 950 ria
110 913 198 952 loca
216 913 268 951 ibi
286 913 479 964 produRa.
501 914 646 953 REITz.
753 915 756 918 ’

28 999 32 1002 .
87 969 161 1005 ead.
177 967 199 1004 l.
214 967 250 1005 6.
272 966 314 1004 ‘0
328 971 447 1006 κλοΐος
460 964 574 1020 ἤρκει)
599 968 704 1006 Haec
728 966 971 1006 instrumenta
997 968 1215 1009 intellexisse
1234 984 1291 1009 ar-

30 1018 154 1058 bitror
177 1019 350 1058 Prudent.
371 1021 410 1058 in
432 1021 566 1072 hymn.
587 1034 600 1058 1
619 1021 656 1059 &
674 1036 690 1072 5
718 1022 799 1073 περὶ
825 1026 980 1062 nezem
1010 1023 1142 1075 Camsta
1162 1037 1291 1063 autem

30 1073 130 1112 inter
149 1074 223 1112 alia
249 1073 464 1112 machinam
492 1073 672 1125 significat
697 1074 834 1126 longae
859 1074 899 1113 ἃ
921 1088 1081 1127 magnae
1099 1080 1289 1129 compedis

31 1125 205 1173 formae,
232 1139 307 1178 qua
330 1126 426 1166 servi
442 1128 559 1166 vineti
573 1127 814 1173 tenebantur,
835 1128 954 1180 qualis
974 1142 993 1165 a
1010 1127 1212 1169 Prudentio
1226 1132 1287 1169 ἅθ’

28 1178 258 1219 scribitur-in
275 1181 451 1220 vincent.
471 1182 616 1221 COGN.
641 1180 760 1221 Conf.
775 1181 885 1233 supra
899 1181 1013 1234 Apol.
1027 1196 1099 1234 pro
1119 1185 1286 1225 Mea-ced.

30 1245 65 1272 c.
85 1246 100 1271 1
119 1247 153 1285 p.
171 1247 219 1272 m.
244 1234 391 1273 Rmz.

28 1337 30 1339 Ι
86 1288 176 1338 Pag.
190 1302 252 1341 92.
263 1289 286 1327 l.
301 1302 314 1325 1
325 1317 334 1325 .
347 1286 619 1339 Δεσμοφύλαξ)
628 1288 719 1326 Non
733 1289 843 1340 parui
854 1287 1113 1336 Florentinae,
1126 1291 1287 1330 mediam

26 1340 185 1393 longam
201 1341 416 1380 exhibenti:
441 1354 527 1380 nam
544 1341 584 1381 δι
601 1340 676 1393 ipsa
696 1355 787 1380 mox
810 1355 840 1381 c.
856 1341 956 1394 seqq.
974 1357 1017 1394 31
1036 1344 1074 1382 δι
1090 1358 1135 1396 32
1151 1343 1286 1395 δεσμο-

32 1393 179 1446 φύλακι
193 1396 230 1434 δι
242 1394 519 1445 δεσμοφύλακα
532 1408 622 1435 cum
634 1397 767 1434 ceteris
778 1395 876 1447 legit.
901 1395 1049 1434 Rmz.

82 1451 154 1487 ead.
167 1449 191 1487 l.
205 1448 240 1487 6.
253 1447 442 1501 Εἰώθασιν)
453 1448 514 1488 Sic
525 1448 562 1488 P.
575 1450 729 1501 optime.
742 1449 785 1487 In
800 1449 903 1500 reliq.
918 1448 1097 1489 εἰώθεσαν.
1123 1450 1282 1490 SOLAN.

82 1505 157 1540 ead.
172 1502 196 1541 l.
217 1516 229 1540 ι
243 1517 273 1541 1.
296 1502 554 1556 Ἀπαγαγὼν)
571 1502 608 1542 Ρ.
623 1503 661 1542 δι
676 1502 720 1542 L.
737 1503 778 1542 ln
792 1502 946 1555 reliquis
965 1504 1149 1555 dvrdywv,
1163 1506 1286 1545 minus

26 1556 246 1596 commode.
267 1556 424 1595 SOLAN.
647 1571 650 1575 ⁷

82 1611 156 1648 ead.
173 1610 196 1648 l.
216 1623 274 1661 ¹5·
290 1606 404 1648 Αὗτὸν
417 1610 480 1662 τε)
502 1610 564 1650 Sic
583 1610 695 1650 etiam
718 1609 845 1661 legere
866 1608 1125 1650 Florentinam
1147 1610 1284 1651 adscri-

22 1661 148 1716 pserat
156 1663 282 1703 Solan.
295 1663 403 1715 Quid
415 1663 506 1703 illud
519 1665 653 1703 mirum
668 1665 681 1703 ?
694 1663 813 1702 Reste
821 1663 923 1702 enim
937 1678 981 1702 τε
991 1677 1078 1703 cum
1090 1664 1152 1702 καὶ
1162 1666 1285 1717 iungi,

26 1718 116 1769 quis
131 1718 282 1756 tandem
293 1716 546 1756 dubitaverit?
563 1719 739 1756 Vidimus
752 1718 785 1755 id
799 1718 843 1756 de
855 1717 1022 1756 Merced.
1033 1731 1064 1757 c.
1081 1719 1128 1757 26
1138 1732 1193 1769 pr.
1207 1720 1285 1758 Ad·-

22 1771 71 1810 de
85 1771 203 1810 Hom.
215 1770 258 1810 11.
276 1774 321 1818 Z,
341 1782 409 1822 351
420 1800 432 1817 ,
443 1790 488 1800 —
514 1771 655 1823 νέμεσίν
670 1785 715 1810 τε
729 1771 793 1809 καὶ
815 1770 967 1823 αἴσχεα
983 1771 1058 1810 &c.
1081 1770 1174 1811 Ibid.
1193 1785 1282 1825 310,

20 1820 142 1862 'Aa-w
161 1839 204 1863 τε
223 1824 288 1863 καὶ
307 1824 425 1874 Τρώων
446 1824 628 1878 ἀλόχους,
641 1838 684 1864 ac
706 1825 837 1863 millies
851 1825 952 1862 alibi.
975 1824 1182 1864 Herodian.
1197 1825 1227 1872 Ι,
1248 1841 1282 1874 1,

22 1878 195 1930 ψρίισεώς
207 1892 252 1917 τε
266 1878 327 1916 καὶ
338 1876 526 1925 εὐφωνίας.
539 1879 687 1918 Aelian.
699 1877 751 1924 11,
765 1892 804 1930 ¹3
821 1890 876 1930 pr.
890 1877 937 1916 Et
947 1877 997 1917 s1c
1008 1889 1224 1930 ap.omnes‚
1235 1892 1282 1919 ne

24 1942 187 1985 excepto
199 1931 351 1983 quidem
368 1931 416 1971 N.
429 1931 532 1971 Test.
546 1933 583 1970 in
601 1945 681 1984 quo
698 1933 757 1970 vel
777 1932 902 1970 tricies
920 1932 1102 1971 occurrit.
1115 1932 1185 1972 Sed
1201 1932 1281 1973 fors

23 1983 140 2026 afim
160 1985 286 2024 voluit
297 1985 485 2037 adspimri,
499 1986 603 2037 quod
618 1985 802 2025 concedo.
818 1984 963 2023 Rmz.
986 1982 1098 2025 Αὑτὸν
1109 1986 1194 2038 Bafi
1203 2002 1240 2035 4.

85 2041 173 2090 Pag.
195 2052 258 2090 93.
280 2041 302 2078 l.
319 2053 351 2091 3.
376 2039 730 2092 Ἐκτέτρυχωμὲνα)
753 2039 827 2078 Th.
843 2039 947 2091 Mag.
963 2053 1000 2077 v.
1015 2043 1279 2090 ήτεριεσπασόη

22 2087 118 2137 haec
129 2092 290 2133 Luciani
311 2091 492 2139 afferens,
516 2092 824 2146 ἐκτετριχωμένα
844 2093 978 2137 habet,
1002 2105 1082 2134 non
1095 2093 1280 2146 έὲ-τρυχ.

22 2146 75 2187 Et
90 2148 125 2186 id
141 2159 298 2200 quoque
313 2146 484 2186 Luciano
499 2159 577 2185 non
597 2147 853 2198 incongruum
876 2147 1054 2193 arbitror,
1076 2157 1118 2185 ut
1139 2146 1183 2185 sit
1197 2149 1281 2200 pilis

21 2203 167 2240 nudati.-
191 2201 309 2239 modo
328 2200 478 2239 aliunde
493 2200 608 2239 etiam
631 2202 796 2247 constet,
815 2200 983 2252 probum
1004 2198 1077 2238 effe
1100 2201 1278 2246 verbum,

20 2255 130 2307 quod
144 2254 313 2294 nondum
331 2252 545 2292 observavi.
560 2253 632 2293 Sed
647 2254 844 2306 analogiae
859 2266 935 2292 non
953 2265 1150 2305 repugnat.
1172 2253 1276 2292 Nihil

19 2319 226 2348 notaverat
239 2308 284 2347 de
298 2306 469 2346 leftionis
490 2307 603 2346 huius
618 2307 827 2346 constantia
839 2307 902 2346 vel
918 2307 1103 2345 varietate
1114 2306 1278 2346 solanus

20 2361 168 2402 noster:
187 2374 305 2414 quare
316 2361 396 2400 edd.
413 2373 553 2400 novem
568 2359 730 2400 studiose
742 2359 933 2410 consului,
953 2373 1086 2400 omnes
1097 2370 1222 2400 tamen
1239 2363 1276 2400 in.

21 2415 229 2470 ἐκτετρυχ.
247 2414 460 2465 conspirare
474 2415 657 2467 cognovi.
684 2414 830 2459 ΚΕΗ-Ζ,

75 2473 148 2508 ead.
162 2470 186 2508 l.
200 2483 237 2517 7.
255 2469 364 2520 Μέρος
383 2467 451 2518 μὲν
462 2467 531 2506 τοῦ
540 2465 679 2519 μισθοῦ
695 2490 739 2498 -
757 2468 998 2514 καταβαλὼν,
1012 2465 1188 2507 τιθασσδν
1210 2465 1278 2505 αὑ·

18 2522 76 2574 τῷ
91 2544 136 2553 -—
152 2521 429 2576 ἀπειργαζετο)
450 2522 661 2575 Alciphr.1,
674 2522 741 2576 Ep.
754 2536 816 2575 23,
831 2536 868 2576 p.
886 2522 952 2575 96,
968 2521 1029 2559 καὶ
1043 2521 1273 2566 καταβαλὼμ

131 2577 280 2617 Lucian.
310 2576 388 2615 Vol.
423 2575 457 2613 V
456 2575 486 2616 I.
975 2574 1004 2613 F
1018 2573 1039 2613 f
