1764 3419
430 208 525 271 4ae
628 199 1493 253 ANNOTATIONES

432 297 656 338 hiemalibus
669 294 871 341 mensibus,
886 293 926 332 δι
939 291 1078 332 Larissa
1090 323 1101 341 ‚
1115 304 1136 330 a
1149 305 1224 344 qua
1239 292 1405 333 Achilles
1417 291 1626 334 Larissaeus
1638 291 1693 332 di-

432 351 527 392 flus.
543 351 689 391 COGN.
703 346 983 401 (Adscripserat
1007 346 1092 385 huic
1108 357 1225 384 notae
1242 345 1453 385 Hemsterh.
1468 345 1601 386 Patara
1611 347 1693 398 Ly·

437 406 521 446 ciae
534 403 605 452 est,
620 416 697 442 non
714 400 924 441 Thessaliae
937 430 947 447 ‚
964 409 1004 438 ut
1019 397 1185 451 notum.)
1199 398 1274 437 Hic
1291 399 1416 438 Patrae
1428 399 1572 451 legend.

491 461 561 498 ead.
576 459 598 495 l.
617 470 648 508 3.
664 452 916 504 Συμβόλαιον)
933 451 1154 503 cogitaram
1176 452 1234 490 hic
1252 452 1342 490 olim
1361 452 1406 491 de
1423 452 1553 491 tefl'era
1571 451 1693 505 hospi·
1729 470 1732 472 ’

438 513 526 558 tali,
541 510 600 550 sed
614 508 757 549 frustra.
771 507 869 545 Vide
884 505 1051 544 Philostr.
1069 518 1151 558 pag.
1171 518 1242 557 549
1255 534 1268 550 ‚
1290 508 1317 544 S
1314 507 1496 558 yngraplza
1509 535 1522 551 ‚
1540 505 1579 544 δι
1598 504 1691 546 plat.

438 567 496 605 ed.
510 562 589 604 Bas.
607 577 619 601 ι
632 577 674 613 35
693 561 733 600 B.
748 559 903 599 SOLAN.
917 556 1057 597 Severe
1073 557 1182 596 nimis
1196 560 1417 610 pronuntiat
1435 557 1586 598 lensius.
1598 556 1691 597 Pro·

441 620 531 658 bare
549 616 675 668 potius
690 614 847 652 debebat
860 643 871 658 ,
889 611 1114 659 συμβόλαιον
1135 611 1250 649 etiam
1265 611 1407 651 dietum
1423 625 1493 664 pro
1508 610 1699 662 συμβόλῳ,

441 668 702 722 hospitalitatis
717 665 861 705 tessera.
879 663 1001 704 Causa
1016 665 1078 703 hic
1094 664 1234 703 itineris
1248 664 1455 711 indicatur,
1472 665 1669 716 negotium
1682 694 1698 714 ,

441 723 632 776 speciatim
649 733 694 759 ex
711 718 932 765 commem,
949 718 1074 769 patris.
1090 718 1200 756 Hanc
1215 715 1288 757 effe
1308 716 1373 757 τοῦ
1388 717 1616 768 συμβολαίου
1628 729 1703 756 no-

442 779 614 821 tionem,
638 774 678 812 &
703 771 801 812 forte
821 772 969 811 unicam
984 802 995 820 ‚
1017 770 1100 809 satis
1123 769 1267 810 constat
1290 783 1337 810 ex
1362 770 1571 810 observatis
1595 784 1633 809 v.
1656 783 1698 823 g.

444 830 529 882 Qu.
543 828 684 868 Budaei
698 832 733 878 p.
749 839 798 864 m.
812 824 887 874 768
907 824 980 876 seq.
997 825 1047 863 H.
1059 823 1236 875 Stephani
1252 823 1290 862 in
1307 823 1419 864 Thes.
1435 823 1509 864 &c.
1524 823 1585 864 Sic
1603 837 1703 874 συμ-

443 881 601 929 βολαίοις
615 881 728 919 δίκας
745 880 1038 930 interpretantur
1053 877 1092 916 &
1107 877 1231 916 Schol.
1246 879 1416 929 antiqua,
1433 878 1472 917 δι
1489 889 1609 930 nuper
1620 890 1704 922 ern-

445 935 640 976 ditiffimus
659 932 842 972 Dukerus
857 931 902 970 ad
922 930 1102 981 Thucyd.
1117 930 1156 978 1,
1176 943 1226 980 77
1241 943 1296 981 pr.
1312 930 1371 970 Sic
1384 930 1480 970 Plut.
1496 930 1601 970 Solo.
1614 939 1706 984 paga

451 990 526 1042 156
542 989 592 1027 H.
608 987 735 1039 Steph.
756 985 948 1024 obaeratis
972 985 1172 1036 pollicetur
1192 982 1312 1022 Solon
1332 983 1499 1034 νέμησιν,
1521 995 1704 1036 agrorum

448 1041 670 1083 divisionem
685 1070 696 1086 ,
709 1052 752 1078 ac
772 1038 918 1077 tabulas
934 1038 1091 1090 proinde
1111 1049 1258 1085 novas3
1278 1035 1339 1076 sed
1353 1037 1628 1076 feneratoribus
1642 1037 1706 1082 βε-

449 1095 602 1143 βαίωσιν
616 1093 689 1133 τῶν
706 1092 954 1141 συμβολαίων,
969 1103 1011 1130 ut
1022 1090 1093 1130 rati
1109 1089 1179 1129 sint
1193 1090 1429 1131 contraaus:
1451 1090 1541 1130 huic
1554 1090 1711 1136 βεβαιώ-

451 1165 510 1190 σει
524 1148 733 1201 opponitur
748 1160 784 1196 p.
805 1158 817 1182 ι
830 1144 873 1196 58
889 1144 961 1184 τῶν
985 1144 1215 1194 συμβολαίων
1238 1144 1432 1196 ἀναίρεσις.
1445 1143 1508 1183 De
1527 1142 1711 1195 symbolo

452 1203 478 1243 s.
499 1201 630 1242 tessera
652 1199 825 1253 hospitii,
842 1198 974 1245 locus,
991 1197 1018 1236 st
1033 1198 1122 1249 quid
1141 1196 1315 1236 voluisset
1336 1197 1484 1245 audior,
1505 1208 1584 1236 erat
1606 1197 1711 1237 dein-

453 1259 518 1301 de,
540 1255 604 1294 ubi
621 1255 787 1308 γράμμα
799 1251 836 1290 se
852 1252 991 1291 habere
1010 1252 1063 1289 ait
1082 1251 1223 1290 Lucius
1244 1251 1288 1289 ad
1304 1251 1562 1302 Hipparchum
1575 1279 1589 1296 ,
1607 1246 1710 1290 ὥστε

455 1307 604 1348 οἰκῆσαι
621 1308 710 1358 παρ’
731 1302 843 1355 αὐτῷ.
860 1305 994 1357 Neque
1011 1317 1144 1343 moror
1159 1304 1424 1357 γραμματεῖον
1441 1305 1478 1343 in
1493 1304 1651 1344 Scholiis
1664 1304 1711 1344 ad

456 1364 494 1402 h.
516 1363 538 1400 1.
560 1373 659 1414 quae
682 1359 887 1412 imperitiae
906 1358 948 1397 δι
970 1358 1194 1410 ineptiarum
1217 1357 1330 1396 toties
1354 1357 1536 1397 convinci
1559 1357 1710 1409 poffint.

458 1416 585 1457 GESN.
608 1414 751 1462 Συμβὸ)
761 1427 839 1451 αιον
859 1412 951 1464 quid
970 1411 1037 1457 sit,
1061 1412 1135 1450 vid.
1155 1424 1201 1450 ex
1219 1423 1258 1449 re
1279 1409 1355 1463 ipsa
1369 1440 1378 1458 ,
1401 1411 1446 1451 de
1461 1424 1538 1464 qua
1557 1411 1715 1453 Lucian.

459 1469 557 1509 infra
570 1497 581 1513 ,
601 1467 701 1506 Dial.
722 1467 878 1505 Meretr.
899 1465 931 1503 Π
947 1465 1062 1517 paulo
1078 1475 1164 1503 ante
1178 1464 1272 1504 med.
1290 1464 1441 1518 γάμους
1456 1464 1716 1517 ναυκληρικοὺς

461 1521 672 1573 &simite-m
685 1542 729 1550 —
745 1519 832 1557 αλλ’
847 1514 932 1557 οὗὲὲ
946 1517 1053 1569 φίλος
1066 1518 1168 1557 ἐστὶν
1184 1512 1288 1557 οὗτος
1299 1517 1353 1567 τῷ
1366 1518 1485 1570 πατρί
1495 1533 1506 1566 ·‚
1517 1518 1718 1570 μέμνημαι

460 1579 539 1631 ’γὰρ
551 1573 596 1613 ὣς
612 1573 733 1626 πρώην
748 1572 962 1612 {sindo-mo
983 1571 1064 1623 περὶ
1083 1571 1312 1622 συμβολαίου
1332 1570 1522 1611 ναυτικοῦ.
1534 1571 1562 1611 Ι.
1577 1584 1612 1612 e.
1626 1571 1716 1624 syn-

460 1629 592 1682 grapha
604 1657 617 1673 ,
631 1627 693 1666 vel
720 1628 918 1672 contradus,
931 1625 1027 1664 ratio
1040 1625 1206 1664 debiti&
1222 1625 1366 1664 crediti.
1379 1624 1514 1678 Neque
1526 1638 1624 1664 vero
1635 1627 1719 1665 lite·

462 1683 514 1722 ris
529 1679 847 1721 commendaticiis
862 1677 1093 1730 indiguisset,
1112 1679 1157 1717 de
1173 1678 1311 1730 quibus
1324 1677 1445 1717 statim
1459 1679 1596 1732 agitur,
1610 1678 1636 1717 fi
1652 1677 1720 1718 h'o·

465 1735 672 1789 spitalitatis
692 1732 862 1772 tesseram
882 1731 1068 1771 attulisset.
1086 1731 1204 1771 Dion.
1222 1732 1311 1770 Hal.
1331 1731 1444 1772 Isocr.
1461 1745 1496 1784 p.
1512 1745 1655 1778 102,v.
1669 1746 1720 1786 29

467 1791 525 1829 ed.
542 1787 635 1841 Lips.
650 1789 705 1825 Τὲι
717 1787 786 1838 μὲν
799 1788 877 1839 ’γὰρ
891 1785 1111 1834 συμβόλαια
1130 1787 1218 1836 πρὶς
1232 1783 1318 1824 τοὺς
1333 1785 1398 1824 ἐπὶ
1413 1785 1500 1825 ταῖς
1513 1785 1723 1837 τραπέζαις

470 1843 559 1883 ἄνευ
587 1841 778 1894 μαρτύρων
803 1840 968 1894 γίνεται.
992 1839 1038 1878 Et
1061 1838 1111 1878 sic
1136 1851 1207 1890 pro
1230 1837 1402 1885 afflone,
1432 1839 1694 1879 controversia
1709 1869 1724 1889 ,
1761 1878 1764 1888 ,

470 1908 571 1949 quae
586 1895 748 1934 nascitur
769 1906 814 1932 ex
838 1892 1022 1932 eiusmodi
1043 1893 1224 1945 negotio,
1241 1891 1302 1931 vel
1323 1893 1470 1933 ratione
1495 1892 1726 1946 pecuniaria.

470 1950 576 1990 Idem
591 1950 636 1988 de
655 1946 853 1988 Demosth.
871 1947 1006 1999 gravit.
1022 1958 1105 1998 pag.
1127 1959 1211 1996 197,
1230 1959 1274 1984 12
1287 1975 1297 1992 ,
1313 1945 1349 1985 ἐν
1366 1945 1410 1986 ἒὲ
1425 1945 1504 1986 τοῖς
1519 1945 1722 1986 ἰδιωτικοῖς

475 2004 614 2057 λόγοις.
634 2001 695 2041 οὓς
710 2001 791 2052 περὶ
803 1998 940 2052 μικρῶν
959 1999 1194 2049 συμβολαίων
1214 1998 1385 2039 ἰδιώταις
1401 1999 1598 2052 ἀνθρώποις
1611 1999 1726 2054 ἔγρα-

475 2056 562 2106 ψεν.
576 2055 677 2094 Idem
695 2054 828 2105 Antiq.
851 2053 893 2092 L.
910 2066 930 2091 2
942 2082 951 2098 ,
967 2065 1002 2104 p.
1024 2065 1096 2114 134
1109 2083 1119 2100 ‚
1133 2051 1228 2091 vers.
1250 2053 1296 2092 16
1308 2052 1410 2105 seqq.
1423 2053 1480 2093 Εἰς
1501 2052 1545 2092 sk
1558 2052 1626 2093 τὴν
1638 2052 1726 2115 περὶ

475 2113 530 2149 τα
547 2109 765 2158 συμβόλαια
784 2106 1019 2146 ἒικαιοσύνην
1042 2107 1288 2160 υπηγίιγετο.
1305 2127 1350 2136 -
1365 2105 1472 2159 Ὁρῶν
1484 2108 1562 2160 ’γᾶς
1575 2105 1633 2146 ὅτι
1649 2120 1726 2147 των

476 2162 710 2213 συμβολαίων
728 2163 782 2199 τα
793 2161 860 2210 μὲν
874 2160 908 2199 ἐν
920 2159 1061 2210 φανερῷ
1076 2161 1140 2198 καὶ
1155 2162 1261 2210 μετὰ
1271 2159 1459 2211 μαρτύρων
1479 2161 1726 2212 πραττόμενοι

477 2213 496 2256 ἦ
514 2215 585 2253 τῶν
600 2214 779 2254 συνόντων
792 2213 908 2253 awa&
923 2216 1135 2264 φυλάττει,
1148 2235 1191 2242 -
1205 2216 1257 2252 τὰ
1269 2212 1314 2252 st
1326 2212 1410 2263 ἀμοὶ
1459 2227 1524 2265 υρα
1534 2211 1626 2263 μίαν
1639 2213 1727 2266 ἔχει

474 2268 660 2319 φυλακὴν,
676 2267 740 2306 viv
762 2266 833 2306 τᾶν
849 2265 1146 2317 συμβαλλόντων
1163 2267 1308 2306 πίστιν.
1321 2267 1382 2306 Ac
1395 2228 1502 2320 sgepe
1520 2267 1607 2305 alibi
1627 2267 1728 2318 apud

475 2323 576 2361 hunc
591 2321 630 2361 δι
646 2320 950 2360 Demosthenem.
966 2319 1037 2359 Sed
1050 2322 1138 2373 quia
1156 2319 1312 2361 Gesner.
1331 2319 1463 2360 similia
1484 2319 1632 2360 aliunde
1650 2321 1728 2361 iam

476 2376 598 2422 dedit,
612 2375 719 2427 plura
737 2387 812 2413 non
827 2376 936 2413 addo.
951 2374 1090 2413 Rrrrz.

531 2431 603 2467 ead.
620 2428 644 2467 l.
657 2441 692 2476 7.
710 2428 776 2466 Καὶ
791 2427 920 2479 ἑιλῶν)
944 2428 1110 2474 Nescio,
1124 2440 1214 2467 num
1237 2438 1395 2481 propter
1418 2426 1517 2466 ἇλῶν
1541 2425 1729 2466 Florenti-

477 2494 565 2522 nam
582 2481 816 2523 consuluerit
831 2480 1018 2531 Solanus,
1037 2494 1086 2522 an
1107 2482 1196 2535 quia
1214 2481 1396 2534 punffium
1418 2481 1543 2522 minus
1556 2489 1646 2521 ante
1660 2480 1727 2521 καὶ
1761 2504 1764 2511 ·
