1764 3419
418 220 511 285 -408
614 218 1474 269 ANNOTATtoNEs

471 314 548 351 ead.
560 312 584 349 Ι.
600 324 637 363 9.
653 309 804 364 Τοῦτον)
817 309 877 350 Sic
886 310 958 349 W.
970 308 1014 348 In
1030 307 1210 348 omnibus
1223 307 1384 361 imprefl'.
1401 307 1535 356 τοῦτο,
1549 309 1678 352 minus

421 366 637 406 commode.
659 364 815 404 SOLAN.

474 419 554 457 ibid.
576 414 695 457 Αἰτοὺ
713 416 869 467 ὰνεστ.)
889 410 1012 454 Αὗτὸν.
1030 413 1205 470 §uun
1223 414 1283 454 Sic
1301 427 1402 466 opus
1420 426 1525 462 erat,
1543 415 1572 455 fi
1596 417 1680 456 τοὺ-

419 486 487 511 του
508 473 713 525 legeretur:
731 471 802 509 iam
817 481 913 508 vero
931 463 1046 507 αὗτου
1070 468 1272 521 pertinebit
1292 469 1339 508 ad
1352 467 1584 520 ὀινὲριέιντα,
1606 469 1677 510 nist

420 525 526 564 malis
544 522 659 564 αὑτοῦ
672 555 681 570 ,
700 524 762 563 vel
778 523 905 575 potius
923 520 1049 570 αὐτῷ,
1067 522 1172 574 quod
1191 523 1311 573 magis
1332 521 1495 574 placeret
1507 552 1518 570 ,
1534 521 1601 562 etsi
1624 536 1679 563 u-

419 589 600 630 trumque
614 582 706 617 nare
725 575 866 629 potest:
887 576 960 614 hoc
975 587 1103 613 tamen
1119 577 1312 627 potentius
1323 576 1406 614 erit.
1426 575 1572 616 Rtrrz.

476 631 565 681 Pag.
579 643 640 683 35.
655 633 678 669 l.
693 645 728 670 2.
744 629 802 670 Μὴ
820 630 883 668 καὶ
895 629 1121 677 ἑπιστομισῃ
1136 630 1188 677 μέ
1202 642 1314 679 φησιν
1335 625 1675 680 ἐμπεριπατοῦσαν

418 679 524 731 αὐτῷ
538 684 554 735 )
575 684 786 737 Interpres:
802 684 859 722 Ne
871 683 930 721 illo
942 682 959 735 (
971 681 1130 734 calceo)
1151 683 1232 720 mihi
1247 683 1471 721 inambulanti
1485 699 1524 722 os
1537 685 1678 725 obturet.

418 736 559 776 Verte:
583 738 640 775 Νι
653 737 867 778 inambulans
873 751 984 788 prona
998 736 1033 774 in
1045 752 1098 782 os,
1111 751 1146 774 m
1159 736 1289 775 vultum
1301 765 1310 779 ‚
1327 738 1457 775 cadam.
1476 735 1538 776 Sic
1550 735 1650 778 infra
1661 766 1677 784 ‚

417 788 516 838 ἓμως
533 793 595 829 τὸν
607 791 793 844 τρέχοντα
811 789 994 843 ἐπισχὼν,
1011 790 1030 829 ἣ
1043 788 1257 840 {amsla-w
1272 788 1496 840 ἐπιστομιεῖ.
1507 791 1524 843 (
1537 790 1594 830 Ex
1611 791 1680 830 ad-

417 844 546 882 dendis
565 843 737 896 Gracv.)
761 845 938 883 MENAG.
957 844 1044 888 An,
1062 844 1098 881 in
1120 858 1158 882 os
1174 846 1287 882 cadere
1300 842 1441 893 finiat?
1460 842 1526 882 ἐπὶ
1544 844 1677 894 στόμα

416 897 574 936 πίπτειν
588 896 696 945 πεινῇ
712 897 807 936 infra
823 910 906 952 pag.
926 910 1016 944 771,
1037 896 1137 934 ὅπως
1153 901 1214 935 τὸν
1234 897 1426 948 τρέχοντα.
1447 896 1511 935 ἐπι
1575 897 1632 944 ὼν,
1652 897 1674 937 ἢ

416 949 632 999 ἒμποὸισας
650 951 871 1001 ἐπιστομιεῖ
874 979 879 987 .
896 949 1014 1003 (Non
1034 950 1203 989 invenio.
1227 949 1297 989 Sed
1313 950 1410 989 addo
1432 949 1531 989 Hor.
1577 980 1590 996 ,
1605 950 1673 1003 Ep.

417 1004 477 1048 X,
497 1019 564 1057 43,
581 1016 621 1043 ut
641 1006 774 1044 calceus
791 1005 868 1044 olim
885 1007 923 1056 si
938 1007 1020 1056 pede
1036 1005 1143 1042 maior
1161 1004 1241 1049 erit,
1259 1002 1483 1055 subvertet.)
1505 1003 1677 1048 GUYET.

416 1056 503 1108 Qui
521 1059 670 1098 calceus
693 1059 805 1097 laxus
828 1059 954 1097 valeat
967 1059 1012 1096 ad
1032 1058 1299 1109 ἐπιστομίζειν,
1312 1058 1358 1096 ad
1373 1074 1412 1097 os
1432 1059 1678 1106 obturandum,

416 1111 591 1161 equidem
614 1124 676 1151 me
695 1112 801 1151 iuxta
823 1125 910 1151 cum
930 1110 1179 1164 ssupidiffimis
1193 1112 1373 1164 ignorare
1394 1110 1531 1151 fateor.
1547 1111 1602 1153 Ut
1623 1113 1681 1151 in-

414 1163 629 1216 telligamus
641 1194 652 1211 ,
670 1166 796 1205 valere
820 1165 948 1206 laxum
960 1165 1131 1204 calceum
1149 1165 1193 1203 ad
1208 1168 1437 1212 evertendum,
1456 1166 1500 1204 ad
1507 1165 1680 1218 supplan-

415 1221 554 1257 tandum
573 1219 677 1258 illum
693 1248 704 1266 ‚
725 1220 792 1272 qui
809 1232 859 1258 eo
879 1220 1012 1265 utitur,
1031 1219 1076 1258 ad
1093 1220 1167 1257 hoc
1187 1231 1265 1257 non
1284 1231 1425 1271 magna
1438 1230 1538 1269 opus
1549 1218 1603 1258 est
1623 1218 1679 1258 sa-

413 1271 553 1324 pientia
566 1301 579 1317 ,
600 1272 641 1312 &
658 1274 775 1312 miror
794 1274 901 1312 viros
921 1271 1069 1320 do&os‚
1083 1273 1147 1324 qui
1165 1285 1414 1323 concoquere
1427 1283 1588 1324 potuere
1604 1273 1677 1312 cal-

415 1340 507 1364 ceum
522 1342 561 1365 os
574 1327 793 1366 obturantcm.
811 1327 951 1367 Utrum
973 1337 1100 1366 autem
1115 1326 1309 1366 Lucianus
1327 1339 1399 1378 pro
1421 1325 1648 1377 ἐπιστομίσῃ
1662 1355 1676 1373 ‚

412 1379 519 1427 quod
539 1379 720 1419 vitiosum
735 1381 894 1421 omnino
915 1379 990 1426 est,
1009 1379 1174 1432 posuerit
1195 1377 1422 1429 ὑποσκελίσῃ
1438 1408 1453 1426 ,
1471 1392 1519 1418 an
1532 1379 1677 1419 abstru-

413 1431 513 1471 flore
535 1434 704 1484 quodam
724 1433 811 1472 usus
825 1433 889 1482 sit,
907 1435 1012 1485 quod
1031 1433 1202 1476 nondum
1226 1433 1384 1481 inveni,
1403 1445 1483 1472 non
1501 1433 1676 1475 dixerim.

412 1483 485 1527 Sed
498 1486 571 1525 hoc
585 1487 698 1526 video
710 1517 723 1534 ,
741 1487 815 1526 tale
829 1488 916 1539 quid
934 1486 1062 1527 vidiffe
1074 1488 1189 1526 etiam
1203 1485 1453 1525 dofitiflimum
1464 1485 1650 1526 Solanum
1662 1516 1675 1535 ‚

411 1539 479 1588 qui
491 1539 653 1585 dederit,
670 1556 710 1579 ne
730 1541 990 1580 inambulantem
997 1540 1181 1591 subvertat.
1197 1539 1322 1580 stn.
1338 1539 1396 1579 Μὴ
1420 1540 1484 1578 καὶ
1503 1540 1569 1580 ἐπὶ
1588 1540 1676 1580 στό-

409 1605 470 1641 μα
484 1592 556 1642 ὤσῃ
569 1595 795 1633 emendabat
806 1594 1064 1636 valkenarius
1077 1594 1122 1634 ad
1137 1595 1327 1634 Herodot.
1337 1592 1433 1634 VIII
1444 1623 1457 1642 ‚
1475 1606 1559 1647 pag.
1578 1606 1676 1647 554,

411 1656 573 1689 notante
587 1648 634 1687 cl.
647 1648 690 1688 B.
704 1649 748 1687 de
761 1647 856 1687 Ball.

464 1702 538 1740 ead.
551 1702 575 1740 l.
588 1718 626 1749 4·
642 1701 686 1740 oi
702 1701 858 1754 auspex)
880 1701 977 1741 Duo
996 1701 1056 1741 hic
1077 1699 1206 1741 sedulo
1228 1699 1466 1740 observanda
1487 1700 1675 1745 curiosis:

410 1752 504 1792 Non
527 1755 669 1795 licuisse
691 1755 840 1794 feminis
863 1756 919 1795 his
945 1753 1115 1796 interess'e
1139 1755 1244 1794 ludis.
1264 1754 1387 1806 Quod
1411 1753 1544 1794 diserte
1558 1755 1672 1795 docet

404 1808 524 1854 etiam
540 1809 747 1851 Aelian.V.
764 1810 813 1848 H.
826 1810 884 1856 X,
902 1823 936 1855 ι,
949 1809 1136 1849 &iterum
1149 1810 1195 1847 de
1206 1808 1392 1853 Anim.V‚
1410 1821 1472 1857 17,
1490 1808 1575 1866 lege
1585 1821 1674 1860 pro·

409 1859 585 1902 bibitum.
597 1863 706 1902 Adde
721 1862 873 1903 Pausan.
888 1863 943 1905 El.
963 1863 1001 1908 Ι,
1017 1876 1051 1914 ρ.
1069 1876 1154 1914 153,
1171 1863 1194 1901 6
1207 1893 1219 1909 ,
1233 1861 1361 1901 Schol.
1379 1860 1529 1901 Pindari
1543 1862 1587 1901 ad
1603 1861 1670 1907 Οἱ.

408 1913 514 1961 VII,
528 1930 563 1968 p.
578 1930 627 1956 m.
647 1931 694 1965 14
705 1917 742 1956 b.
761 1917 804 1956 Β.
823 1915 869 1956 C.
884 1917 924 1956 δι
941 1916 1028 1956 Val.
1044 1915 1303 1955 Maxim.VHI
1316 1926 1413 1956 extr.
1428 1914 1597 1964 Deinde,
1612 1916 1669 1956 iu-

408 1966 486 2009 stae
503 1983 564 2009 ma
596 1971 776 2010 mitudinis
792 1970 955 2018 statuas,
973 1981 1076 2023 quae
1095 1969 1393 2011 decernebantur
1415 1968 1669 2022 Olympioni·

407 2022 487 2065 cis,
508 2036 560 2075 po
591 2035 669 2064 tas:
686 2037 855 2076 quorum
879 2023 1078 2076 posterius,
1100 2036 1149 2062 an
1172 2036 1194 2062 a
1214 2035 1410 2075 quoquam
1430 2035 1517 2062 ante
1540 2022 1669 2063 obser·

406 2086 542 2114 vatum
568 2077 613 2116 fit
623 2108 634 2125 ,
653 2078 802 2124 nescio3
818 2089 921 2117 certe
934 2077 1180 2129 spernendum
1195 2089 1271 2116 non
1285 2075 1368 2116 fuit,
1383 2075 1447 2115 De
1461 2076 1589 2117 statuis
1609 2077 1670 2117 O·

406 2126 488 2179 lym
495 2130 733 2181 pionicarum
751 2132 871 2171 multa
885 2131 1059 2184 exempla
1073 2132 1187 2171 habes
1202 2131 1301 2184 apud
1315 2130 1479 2170 eundem
1494 2129 1623 2171 Schol.
1640 2131 1666 2175 1,

407 2193 442 2220 c.
455 2183 504 2221 A.
522 2185 559 2222 δι
573 2184 615 2224 Β.
632 2183 789 2224 SOLAN.

460 2239 534 2275 ead.
548 2237 570 2276 1.
587 2251 618 2290 ς.
632 2239 731 2278 Μηδυ
745 2237 1001 2289 Ὀλυμπιῖἰσιν
1016 2237 1151 2286 ἐξεῖναι
1172 2236 1262 2278 ταῖς
1282 2237 1408 2278 νικῶσι
1427 2237 1574 2288 μείζους
1591 2237 1666 2278 τῶν

405 2290 592 2338 σωμάτων
622 2292 824 2332 ἀνεστάναι
855 2292 939 2332 τσὺς
965 2291 1207 2344 ἀνδριάντας)
1229 2292 1541 2343 Typotheticum
1568 2302 1665 2344 puto

404 2343 544 2382 vitium
561 2343 635 2384 effe
647 2345 736 2386 ταῖς
749 2359 820 2399 pro
835 2345 924 2386 τοῖς·
945 2347 1075 2398 utique
1090 2345 1139 2384 fic
1158 2347 1260 2387 re&e
1279 2357 1415 2385 omnes
1431 2345 1601 2397 prioreS‚
1618 2346 1663 2386 δε

403 2396 503 2436 ratio
525 2396 603 2449 ipsa
620 2398 796 2451 postulat.
820 2399 924 2440 ltus.
945 2400 1037 2439 Non
1060 2399 1184 2442 omisit
1210 2399 1314 2439 hunc
1333 2399 1462 2440 locum
1477 2398 1517 2438 P.
1539 2398 1663 2442 fabem

404 2449 579 2545 Agongst.
605 2466 650 2500 2,
670 2467 742 2500 20,
762 2455 828 2494 ubi
853 2455 962 2509 plura
983 2455 1020 2493 in
1043 2453 1142 2495 hanc
1169 2466 1269 2502 rem,
1292 2453 1363 2508 qui
1392 2452 1527 2499 volet,
1552 2453 1663 2497 inve·

403 2514 490 2547 met,
549 2516 634 2546 ESN.
1410 2536 1415 2540 .
