1764 3419
1556 150 1579 164 χ

447 209 542 271 482
645 203 1513 257 ANNOTATIONES

506 299 596 350 Pag.
613 299 736 349 151.l.
756 311 812 337 12.
824 294 1135 346 Παλινέρομὶἶσαι
1150 297 1246 351 &c.)
1270 298 1421 339 Iambus
1436 301 1711 352 proverbialis}

451 366 567 406 quem
585 351 758 391 Erasmus
776 352 933 403 exponit
949 351 1028 390 Tit.
1053 351 1184 390 Satius.
1208 351 1339 391 Latine
1359 366 1517 406 quoque
1546 355 1708 395 ufitatus

452 405 684 446 versiculus:
714 405 777 457 Est
788 404 904 455 finias
925 405 1067 456 regredi,
1079 419 1179 456 quam
1199 406 1283 443 male
1302 418 1416 458 coepta
1422 406 1526 458 sequi.
1549 407 1620 448 Sed
1632 409 1709 450 hoc

453 460 606 500 cuilibet
622 470 777 497 notum:
801 458 943 496 utinam
959 458 998 496 δι
1012 457 1190 496 omnibus
1205 457 1381 497 usitatum
1398 460 1408 499 ἱ
1432 459 1577 499 Κειη.

507 514 597 563 Pag.
618 525 630 549 ι
644 524 700 561 52.
717 512 740 549 l.
756 511 792 549 8.
807 509 862 559 Τῷ
879 507 1037 561 ἡμιόνῳ)
1058 508 1182 562 Supra
1204 511 1276 550 ’o'vor
1292 511 1409 558 dixit;
1433 525 1551 564 quare
1573 514 1632 554 hic
1653 512 1708 553 ⁷3

452 567 518 614 ’ὄνῳ
547 564 784 604 scribendum
809 563 976 607 videtur,
1000 575 1072 614 pro
1095 563 1152 611 τῷ
1177 562 1321 612 ἧμιόνῳ.
1344 564 1512 606 GUYE‘r.
1537 565 1709 620 Ἱ-Ιμιὸνω)

454 618 588 671 Quem
604 628 729 656 tamen
747 615 858 666 supra
872 615 998 667 paffim
1014 617 1140 666 asinum·
1155 617 1258 657 dixit.
1277 617 1434 658 Sol-AN.
1665 607 1673 618 ’

505 673 579 710 ead.
594 671 617 708 l.
635 683 691 721 ¹3·
706 665 825 708 Οὐδὲν
845 667 1024 721 ὑπήκουε)
1042 668 1102 709 Sic
1116 669 1278 722 Belgae,
1298 671 1465 724 adscript.
1482 672 1520 710 in
1532 672 1577 712 B.
1597 685 1629 712 ι.

507 725 598 776 Pag.
611 736 626 760 ι
639 737 695 774 53.
708 724 730 761 l.
740 721 818 762 6.‘O
830 721 875 762 s&
891 722 1001 772 ἀπῷει
1015 726 1119 762 κάτω
1131 727 1194 762 τὸν
1208 725 1374 764 θάνατον
1386 725 1625 776 ὀρχούμενος)
1636 725 1711 767 Ca-

452 779 592 832 ptavit,
605 788 646 816 ut
657 787 774 827 patet,
784 775 1010 828 elegantiam
1027 776 1233 815 notabilem
1245 777 1281 815 in
1294 778 1487 830 loquendo
1499 779 1708 828 Lucianus‚

452 845 568 886 quam
582 830 669 869 vide
680 842 721 868 ut
736 829 963 868 obnubilent
976 829 1208 880 interpretes.
1231 830 1473 878 Bafileenses,
1494 848 1580 872 mors
1589 833 1640 871 illi
1651 845 1708 872 at·

454 888 532 926 tulit
545 886 690 923 laborum
696 885 813 934 finem.
830 881 1044 922 laeviffime.
1058 882 1295 931 Benedi6ffls,
1313 885 1369 922 ille
1385 900 1461 923 vero
1473 884 1563 936 infla
1577 887 1709 925 delabe-

457 942 556 984 batus
565 938 730 976 moriendo
736 937 945 988 subsultans,
954 936 1060 989 quod
1072 935 1157 976 sane
1170 937 1353 989 contingit
1367 938 1534 989 pluribus
1547 940 1712 978 morien-

453 995 576 1037 tibus,
597 989 663 1029 etsi
678 1003 755 1029 non
767 990 900 1029 cadant
918 990 1150 1042 praecipites.
1173 990 1293 1030 Verte
1307 989 1534 1044 simpliciter,
1556 993 1612 1031 ille
1621 995 1712 1032 deor·-

449 1047 530 1101 sum
542 1045 656 1084 abibat
669 1057 800 1083 mortem
810 1043 957 1094 saltans.
985 1042 1130 1082 GRON.

509 1102 580 1139 ead.
598 1099 621 1136 l.
634 1098 668 1137 8.
684 1093 821 1151 ’‘E-yucov
835 1097 956 1148 φέρειν
971 1091 1129 1150 εὐγενῶς
1149 1097 1201 1135 τέι
1222 1097 1258 1135 ἐν
1277 1096 1384 1149 ποσὶ)
1400 1097 1459 1137 Ad
1474 1098 1634 1138 verbum
1651 1095 1711 1138 εὖ·

457 1153 575 1209 γενῶς
598 1150 725 1191 Solan.
741 1150 1000 1201 adscripserat,
1018 1149 1059 1188 &
1078 1149 1127 1189 fic
1141 1149 1214 1189 effe
1234 1151 1269 1188 in
1284 1151 1336 1188 ΡΙ.
1360 1152 1421 1189 Αη
1438 1150 1603 1203 speravit
1615 1165 1710 1205 ergo

458 1209 567 1248 aliam
597 1206 769 1244 invenire
795 1203 1021 1244 lectionem?
1050 1215 1129 1242 non
1157 1204 1283 1242 credo.
1315 1204 1420 1243 Bene
1449 1205 1547 1244 enim
1576 1206 1715 1246 habent

457 1261 600 1303 omnia.
617 1259 714 1298 Nam
727 1258 842 1311 ἔγνων
856 1256 1054 1311 effestami‚
1069 1257 1296 1309 decrevi,quis
1309 1256 1479 1297 dubiret?
1491 1253 1606 1298 Conf.
1619 1271 1713 1299 mox

458 1330 490 1357 c.
505 1329 552 1368 39
562 1346 573 1358 ,
586 1313 680 1367 ἔγνω
695 1311 880 1364 κρεμάσαι
897 1309 1037 1350 ἑαυτὸν.
1052 1309 1114 1349 Sic
1125 1310 1165 1349 in
1179 1311 1259 1349 vita
1271 1310 1521 1351 Aristomenis
1532 1313 1588 1352 ed.
1603 1312 1716 1353 Oxo-

457 1369 574 1410 niensi
590 1368 709 1405 (jorn.
727 1366 889 1417 Nepotis
902 1377 1049 1403 annexa
1064 1377 1072 1402 :
1094 1365 1345 1403 Μεσσήνιοι-
1360 1363 1603 1415 ἀφίστασθαι
1616 1368 1717 1406 πάιν·

458 1437 531 1462 τως
550 1422 797 1475 ἐγίγνωσκον,
812 1417 965 1469 Meffinii
978 1418 1155 1468 demigrare
1169 1419 1413 1470 constituerunt.
1427 1418 1522 1458 Item
1547 1418 1714 1473 ἔγνωσαν

459 1475 602 1520 καλεῖν,
619 1475 738 1524 Long.
754 1471 847 1510 Past.
860 1471 896 1517 Ι,
913 1482 996 1523 pag.
1013 1485 1028 1523 5
1045 1472 1102 1510 ed.
1115 1470 1304 1521 lungerm.
1319 1471 1422 1511 Idem
1437 1471 1509 1521 ΙΙΙ,
1522 1486 1606 1526 pag.
1625 1487 1639 1512 1
1651 1487 1714 1526 15,

460 1529 587 1584 γνοὺς,
601 1540 674 1580 pro
679 1527 794 1579 flabat
805 1525 1016 1577 eisententia.
1027 1524 1211 1575 Thucyd.
1225 1524 1266 1571 1,
1285 1537 1364 1576 cap.
1385 1537 1476 1572 120,
1493 1529 1622 1566 πολλὰ
1636 1529 1718 1581 γὰρ

460 1582 585 1623 κακῶς
601 1581 826 1635 γνωσθέντα
843 1600 888 1608 -
904 1577 1102 1630 κατορθώθη
1115 1607 1126 1624 ,
1147 1579 1253 1617 multa
1267 1580 1351 1616 male
1366 1579 1518 1630 consulta
1530 1580 1717 1632 —felicem

459 1639 585 1677 exitum
601 1636 753 1673 habuere.
769 1635 825 1670 Τὰ
841 1631 877 1671 ἐν
899 1633 989 1671 ποσὶ
1008 1644 1105 1671 vero
1120 1629 1193 1670 effe
1204 1631 1415 1684 praesentia,
1428 1633 1504 1672 vid.
1519 1633 1667 1686 Nigrim.
1681 1648 1720 1675 c.

458 1706 499 1743 7,
514 1691 643 1741 ibique
657 1696 993 1730 commentatores,
1009 1685 1050 1724 &
1066 1686 1110 1723 ad
1126 1683 1276 1736 Quom.
1291 1685 1382 1725 Hist.
1396 1699 1429 1726 c.
1445 1700 1478 1724 2.
1494 1686 1639 1728 Rmz.

515 1745 586 1783 ead.
601 1743 623 1781 L
643 1754 701 1780 10.
719 1739 775 1779 Εἰς
795 1739 960 1788 ἐμαυτὴν
975 1737 1308 1792 ammeio-ecam)
1331 1740 1430 1779 Mira
1444 1740 1538 1779 haec
1553 1741 1720 1782 efficacia

459 1795 694 1838 enuntiavit:
712 1793 819 1833 sonat
840 1793 960 1839 enim,
984 1804 1023 1832 ut
1041 1794 1118 1831 inde
1139 1795 1290 1845 restituar
1307 1794 1342 1832 in
1360 1809 1412 1833 me
1427 1793 1559 1846 ipfitm,
1574 1795 1599 1835 i.
1620 1807 1654 1836 e.
1673 1805 1718 1835 ut

459 1851 590 1893 rursus
603 1849 691 1888 fiam
700 1878 714 1895 ,
727 1847 791 1900 qui
809 1858 895 1886 ante
907 1845 974 1885 fui.
990 1846 1135 1886 Rtrrz.
1294 1885 1302 1888 ,

516 1907 588 1945 ead.
604 1905 626 1942 l.
643 1917 658 1942 1
669 1917 702 1941 2.
717 1900 876 1953 Aomrbv)
899 1900 947 1940 Et
967 1899 1059 1940 haec
1075 1901 1124 1939 ita
1136 1898 1212 1952 legi
1228 1898 1266 1938 in
1280 1899 1336 1939 Fl.
1351 1901 1503 1940 notavit
1514 1901 1616 1941 idem
1631 1901 1719 1943 No*

459 1959 547 2007 ster,
561 1957 721 1997 meliore
734 1954 851 2007 paulo
865 1955 947 1994 iure
960 1967 1075 2006 quam
1092 1963 1199 2000 ante3
1214 1951 1274 1992 sed
1293 1966 1485 1994 commate
1498 1954 1582 2005 post
1598 1970 1722 1996 κοιτα-

460 2014 617 2053 abo-ovat
640 2009 788 2063 posito,
807 2009 912 2061 quod
932 2009 1006 2046 iam
1027 2006 1122 2053 feci,
1143 2019 1230 2047 cum
1248 2007 1288 2046 in
1303 2008 1384 2048 edd.
1408 2007 1570 2058 abeffet,
1591 2008 1722 2050 sensus

459 2067 553 2106 mihi
568 2065 717 2104 videtur
733 2062 915 2115 apertior.
929 2061 1078 2101 REITz.
1525 2080 1528 2084 ι
1633 2066 1637 2069 ·

515 2121 604 2171 Pag.
620 2133 634 2157 1
648 2131 703 2168 54.
720 2118 742 2155 l.
757 2131 789 2167 3.
801 2115 1038 2154 Σκευέισοισαι
1050 2113 1152 2167 ἔχω)
1164 2113 1345 2154 Confer-ri
1358 2111 1458 2154 iuffit
1469 2114 1507 2154 in
1521 2128 1637 2169 marg.
1651 2115 1722 2157 So-

458 2174 567 2213 lanus
580 2170 675 2210 infra
691 2177 789 2219 Δημ.
804 2182 839 2208 c.
855 2183 913 2222 32.
933 2168 987 2208 lbi
1005 2168 1166 2208 invenio
1180 2167 1346 2208 similiter
1365 2164 1473 2222 εἶχον
1494 2172 1720 2220 θαυμάσαις.

459 2228 556 2267 Item
572 2226 683 2278 supra
701 2222 824 2272 Ἀλεξ.
838 2235 869 2262 c.
888 2222 955 2261 ult.
966 2222 1034 2262 ubi
1049 2222 1240 2262 Lucianus
1255 2223 1389 2262 eodem
1406 2222 1627 2275 pleonasmo
1640 2224 1691 2263 ait
1702 2255 1719 2271 ‚

459 2279 669 2330 θαυμάσαις
683 2276 777 2328 ἔχω.
792 2276 863 2315 Sed
880 2276 972 2315 haec
991 2276 1141 2314 locutio
1153 2273 1315 2316 Graecis
1335 2277 1431 2316 adeo
1450 2275 1503 2316 est
1521 2277 1723 2329 peculiaris

461 2347 506 2373 ac
521 2332 712 2373 familiaris
722 2362 731 2378 ,
745 2342 787 2370 ut
802 2328 960 2369 nesciam
973 2360 984 2377 ‚
999 2341 1048 2367 an
1069 2327 1235 2369 fasturus
1245 2328 1314 2368 sim
1326 2341 1468 2382 operae
1486 2331 1652 2382 pretium
1664 2360 1677 2376 ,
1689 2329 1720 2371 fi

458 2388 571 2440 plura
594 2386 782 2425 addidero.
795 2384 936 2422 Videat
956 2384 1022 2436 qui
1038 2382 1146 2422 volet
1166 2383 1261 2422 Bud.
1279 2382 1500 2423 Comment.
1522 2395 1606 2437 pag.
1629 2397 1673 2424 21
1685 2397 1729 2434 r.⁴

459 2442 628 2480 Theocr.
642 2439 720 2479 Eid.
735 2437 845 2481 XIV,
858 2436 882 2475 8
892 2466 902 2481 ,
921 2436 1071 2487 παίζεις
1083 2436 1197 2489 ἔχων.
1213 2436 1365 2476 Hefiod.
1379 2436 1474 2490 Ἐργ.
1489 2436 1528 2483 Ι,
1543 2451 1593 2486 42
1605 2467 1618 2485 ‚
1633 2436 1698 2488 ›tp‘

458 2495 608 2547 4.wi
633 2491 788 2547 ἔχουσι,
811 2490 919 2546 quod
940 2491 1006 2532 *vel
1027 2488 1190 2544 Scapula
1212 2489 1449 2540 habet,1icet
1470 2490 1571 2535 haud
1593 2484 1727 2537 addito¹
