1764 3419
270 238 346 290 -ῙΝ
377 237 680 289 soMNmM
712 239 824 291 SEU
866 243 1144 296 GALLUM
1249 267 1338 320 579

75 329 176 382 ῥέων
189 332 376 384 ποτηρίων.
387 331 457 371 Sed
469 332 502 370 ἐν
514 330 671 372 Graecis
682 332 732 371 ibi
744 332 988 386 frequentius,
1001 348 1115 387 quam
1131 337 1336 383 §mREn-z.

138 386 210 422 ead.
228 385 251 423 l.
275 399 332 423 12.
356 384 690 438 Είσκομιζομένου)
715 387 895 426 Veterem
925 386 1143 438 scripturam
1170 390 1335 444 ἐκκομ-

83 438 248 476 mutavit
258 438 380 477 editor
394 437 652 477 Salmurienfis
664 440 700 477 in
715 439 908 490 εἰσκομ--.
919 440 1050 480 Recte.
1068 441 1212 482 SOLAN

135 492 207 527 ead.
221 491 244 528 Ι.
261 503 317 538 14.
332 489 584 543 Ἀνέτρεψοις)
612 491 697 530 Vid.
719 491 829 545 supra
851 495 896 533 de
913 493 986 533 hoc
1009 495 1151 542 verbo,
1171 497 1217 535 ad
1231 498 1339 539 Afin.

82 554 164 594 cap.
181 554 243 589 40.
258 544 305 582 Et
326 543 427 582 conf.
453 543 625 590 rursum,
648 544 674 582 si
695 545 822 592 lubet,
844 546 1144 598 Alciphronem‚
1164 549 1248 588 satis
1261 553 1337 590 iam

80 594 304 641 indicatum,
320 596 384 648 qui
407 596 517 636 dulce
534 595 721 637 somnium
745 599 829 651 galli
849 611 962 639 cantu
985 599 1149 640 similiter
1173 603 1338 644 interru-

80 659 186 700 ptum
202 650 264 688 ait.
282 649 427 688 REITZ.

107 702 227 792 stPag.
245 702 332 754 308.
347 704 370 740 l.
392 704 481 755 5.T⁸o
502 701 631 756 πολὺ)
658 702 715 742 Ita
739 703 811 744 Ms.
838 703 935 758 Reg.
967 719 1081 759 2955.
1105 706 1146 746 ln
1170 709 1252 749 edd.
1272 710 1339 751 de-

80 767 104 793 e
149 766 254 795 artic.

132 809 207 846 ead.
220 808 244 846 l.
258 807 291 848 8.
305 807 438 858 Ἐξξιεις
456 805 674 858 πολεμήσων
714 810 832 849 Hom.
849 810 890 848 ΙΙ.
907 814 942 859 Ρ,
959 823 1016 862 51.
1031 812 1187 853 SOLAN.

133 862 205 898 ead.
233 861 257 900 l.
284 874 341 899 ιι.
365 859 664 912 Διοιὲεὸεμένους
716 860 1026 913 Ἀνιιὸεὲεμένους
1047 866 1089 905 L.
1115 868 1335 922 Utrumque

80 914 256 966 probum.
278 915 435 954 SOLAN.

135 970 207 1006 ead.
221 969 244 1006 l.
262 980 277 1006 1
287 981 318 1006 α.
336 967 559 1018 Χαρίτεσσιν
573 967 718 1020 ὁμοίοις)
730 966 876 1008 Parvae
893 967 976 1009 sunt
987 970 1085 1010 duae
1099 971 1221 1021 labes,
1231 987 1333 1027 quae

79 1020 262 1060 videntur
288 1033 310 1059 a
325 1022 582 1073 typographis
608 1021 820 1073 profectae,
840 1022 898 1061 sed
927 1037 1026 1075 quae
1049 1035 1174 1065 tamen
1198 1041 1334 1068 omnes

80 1073 276 1126 inquinant
298 1074 506 1120 editiones,
526 1075 564 1113 in
588 1076 729 1128 quibus
757 1075 930 1115 scribitur
953 1078 1153 1129 χαρίτεσιν
1182 1080 1305 1130 ’ὁμοίου
1320 1112 1334 1130 ,

79 1139 152 1179 pro
172 1127 397 1180 χαρίτεσσιν
410 1127 542 1177 ὅμοιαι·
561 1129 600 1168 8(
621 1127 679 1168 ὅτι
697 1131 830 1181 χρυσῷ
851 1142 896 1167 τε
919 1131 984 1168 καὶ
1001 1132 1143 1184 ἀργύρῳ
1165 1131 1333 1181 {ra-ephon.

82 1193 126 1219 το
139 1211 150 1228 ,
165 1193 238 1233 pro
257 1177 472 1228 ἐσφήκωντο.
493 1180 555 1222 Sic
569 1182 666 1221 enim
681 1182 778 1234 apud
794 1182 1006 1222 Homerum
1022 1185 1060 1222 11.
1077 1188 1110 1229 P,
1131 1199 1169 1224 v.
1187 1200 1246 1237 51,
1264 1201 1331 1227 cu-

78 1233 138 1271 ius
155 1235 261 1282 sunt,
283 1245 324 1273 ut
339 1234 480 1286 liquet,
501 1235 629 1274 verba.
646 1235 817 1275 GRAEV.
839 1236 1034 1285 Χαρίτεσιν
1056 1249 1164 1277 antea
1183 1239 1332 1291 legeba-

78 1297 154 1334 tur,
167 1287 272 1339 quod
285 1287 416 1327 versus
428 1286 566 1340 respuit
578 1317 588 1333 ‚
603 1288 765 1340 ideoque
778 1289 992 1328 Homerum
1009 1289 1157 1330 secutus
1170 1295 1332 1335 mutavi.

78 1340 165 1380 Vid.
180 1341 218 1380 ll.
234 1345 270 1389 P,
288 1342 347 1380 16.
371 1341 417 1379 Et
431 1341 475 1380 ad
488 1341 605 1380 verba
621 1340 693 1394 seq.
711 1341 788 1380 vid.
809 1341 920 1379 eund.
939 1342 1027 1381 ibid.
1043 1357 1082 1381 V.
1101 1357 1158 1395 52.
1173 1344 1332 1385 SOLAN.

130 1396 204 1433 ead.
219 1395 243 1433 l.
259 1409 318 1441 14.
330 1392 582 1447 Ἐσφήκωντο)
597 1394 779 1435 Mendose
792 1395 828 1432 in
843 1395 971 1434 multis
981 1424 993 1441 ‚
1011 1396 1129 1448 iisque
1142 1400 1332 1439 recentio-

77 1446 205 1494 ribus,
222 1447 437 1500 legebatur,
453 1445 663 1494 ἑσφῆκοντο.
684 1448 738 1490 At
751 1447 808 1486 Fl.
828 1450 911 1486 Ven.
932 1459 1093 1500 utraque
1107 1451 1193 1490 ΑΜ.
1213 1452 1253 1491 &
1269 1453 1332 1493 Fr.

76 1500 116 1539 δι
133 1500 207 1551 ipse
216 1501 413 1540 Homerus
425 1530 435 1545 ‚
454 1501 510 1541 uti
527 1500 774 1547 restituimus,
791 1501 939 1542 habent.
960 1500 1116 1542 SOLAN,

136 1555 191 1592 Pa
215 1584 224 1593 .
240 1566 321 1607 309.
334 1555 357 1592 l.
376 1568 410 1593 2.
421 1548 488 1593 Ὠς
501 1569 595 1593 ποτε
607 1554 624 1606 )
637 1554 784 1595 Omnes
796 1565 944 1606 praeter
957 1555 1002 1593 P.
1015 1554 1052 1594 ὃς
1066 1556 1138 1604 (Ρ.
1153 1566 1282 1597 autem
1295 1558 1332 1597 ὃ·

75 1569 345 1660 πίτεξΑῑςυὶ
370 1608 502 1647 melius
519 1607 559 1646 δι
573 1609 617 1647 ad
635 1607 854 1660 scripturam
878 1609 1034 1660 propius
1056 1606 1103 1649 ὥς
1123 1624 1231 1649 ποτε.
1256 1611 1334 1651 So-

77 1671 174 1700 LAN.
191 1661 421 1713 Scripturam
435 1661 491 1700 ed.
509 1661 552 1712 P.
568 1660 683 1700 ὁπότε
700 1662 912 1703 exhibentis
925 1674 1002 1700 non
1022 1661 1158 1713 sperno
1172 1693 1184 1708 ‚
1203 1676 1331 1716 neque

76 1714 123 1755 ab
136 1727 180 1756 ea
197 1713 423 1754 disceffiffem
436 1742 446 1761 ‚
468 1713 534 1753 nist
549 1714 642 1753 iusta
658 1714 818 1766 suspicio
838 1713 950 1762 esset,
969 1727 1052 1754 eam
1071 1729 1120 1756 ex
1142 1718 1333 1758 coniectu*

75 1780 116 1808 ra
136 1767 186 1807 sic
202 1767 413 1808 emendasse
425 1779 636 1807 ceterarum
650 1767 687 1807 ὃς
700 1783 808 1808 ποτε.
825 1767 973 1807 Rmz.
1365 1774 1368 1785 '

130 1824 203 1860 ead.
215 1823 237 1860 l.
256 1835 269 1859 t
280 1817 483 1873 3-'1-140210
493 1817 584 1860 Ὀτε
611 1824 656 1862 ’τὸ
670 1822 769 1862 ἔτνος
782 1819 900 1871 ὕψουν
918 1820 995 1861 τοῖς
1009 1821 1171 1873 Κρονίοις,
1186 1821 1255 1862 ὃύο
1267 1823 1332 1862 τό·

75 1888 171 1924 μους
189 1873 255 1914 τοῦ
275 1872 467 1914 &anima
488 1875 669 1923 ἐμβαλών.
698 1877 781 1914 Cum
796 1877 924 1915 duobus
947 1888 1096 1915 extorum
1106 1875 1227 1928 frustis
1245 1878 1332 1915 inie-

76 1929 137 1966 elis
151 1929 295 1981 legumen
313 1942 477 1981 coquerem
492 1928 857 1977 Saturnalibus.⁸E4co
878 1929 1030 1980 quidem
1047 1940 1244 1968 mntuatur
1262 1929 1330 1970 sua

77 1992 251 2034 tempora
275 1981 322 2021 ab
341 1980 458 2032 ἐψέω,
474 1981 534 2021 sed
555 1983 659 2033 quod
679 1983 819 2021 dudum
845 1982 1084 2034 repudiatam
1107 1983 1331 2023 Atticorum

78 2047 208 2080 aures,
224 2045 266 2073 ut
281 2034 311 2075 οἱ
330 2034 610 2091 γραμμαχικῶν
631 2034 774 2077 wasser
795 2036 1023 2075 docuerunt.
1045 2035 1181 2086 Itaque
1194 2048 1266 2085 pro
1289 2033 1331 2076 35-

75 2087 172 2138 4ουν
183 2088 370 2128 malebam
383 2089 474 2127 olim
491 2087 596 2138 ὴιψον,
615 2087 675 2128 sed
688 2088 814 2139 postea
831 2087 902 2127 Ms.
920 2088 1010 2127 mihi
1029 2087 1191 2127 ostendit
1206 2088 1333 2139 legen·

75 2143 166 2181 dum
186 2140 259 2181 effe
273 2137 408 2191 ἥψησα
418 2171 431 2188 ,
445 2142 485 2182 &
500 2155 571 2193 pro
585 2141 736 2192 τόμους,
747 2140 922 2194 τεμάχη.
944 2141 1016 2181 Sed
1039 2139 1231 2181 ἀλλᾶντος
1245 2142 1332 2180 sunt

76 2195 210 2242 botuli,
224 2194 411 2245 fhrcimina
427 2225 440 2243 ‚
463 2208 544 2234 non
569 2195 752 2235 intestina.
778 2195 948 2236 GRAEV.
968 2194 1087 2243 ‘1345‘oe
1106 2207 1233 2235 rarum
1256 2194 1331 2234 effe

76 2248 326 2288 Grammatici
340 2249 467 2293 aiunt,
482 2261 561 2288 non
576 2249 686 2300 plane
698 2249 892 2288 damnant:
911 2250 1072 2298 ideoque
1085 2245 1232 2297 imperf.
1244 2247 1331 2287 inde

76 2301 284 2342 formatum
299 2300 448 2341 servavi
460 2303 610 2355 quidem
622 2333 635 2349 ,
650 2301 757 2342 facile
775 2313 900 2342 tamen
914 2302 1135 2352 permittens
1145 2330 1157 2346 ‚
1174 2310 1217 2337 ut
1230 2296 1331 2349 ἥψη-

77 2369 133 2393 σα
153 2368 242 2394 cum
264 2355 415 2395 duobus
429 2356 552 2395 Codd.
577 2356 698 2408 legat,
715 2354 779 2396 cui
801 2355 964 2394 libuerit.
975 2354 1106 2394 Utitur
1127 2351 1241 2405 praes.
1262 2351 1333 2393 inf.

78 2407 181 2459 {4223
193 2408 240 2448 ab
254 2407 352 2458 {44ae
365 2409 471 2448 Aret.
488 2409 658 2462 Cappad.
673 2409 712 2448 L.
730 2423 751 2451 2
771 2409 901 2449 Morb.
917 2409 1032 2448 Acut.
1055 2419 1089 2446 c.
1107 2419 1128 2445 2
1139 2435 1150 2451 ,
1164 2419 1203 2457 p.
1214 2419 1263 2446 m.
1278 2419 1331 2456 97

80 2461 285 2501 A.Verum
301 2463 331 2501 is
353 2463 477 2501 Attice
497 2475 575 2502 non
594 2461 756 2514 scripsit,
778 2462 817 2502 δι
840 2461 1013 2500 futurum
1037 2459 1236 2499 secundum
1257 2458 1331 2500 effe

79 2514 213 2567 anquis
230 2516 444 2557 contendat.
462 2515 532 2556 Sed
545 2515 729 2568 potestate
744 2515 944 2568 praesentis
958 2525 1086 2605 tgmen
1109 2513 1159 2554 ibi
1172 2511 1331 2565 usurpa-

1013 2579 1038 2605 0
1068 2577 1088 2603 2
