1764 3419
310 227 414 272 IN
480 225 1023 274 IMAGINEs.
1131 240 1305 297 1393*

37 311 167 354 formis
184 311 356 366 imaginis
375 313 543 368 singulae
559 326 691 368 'partes
705 329 753 355 ex
766 315 1078 367 praestantissimo
1099 316 1242 359 sumtae
1259 323 1301 362 Sc

37 366 250 414 simulatae,
273 369 318 408 de
342 370 564 420 praestantia
586 369 626 408 &
648 370 869 409 imitationis
889 370 1120 423 perfeffione
1141 373 1299 413 dubium

37 421 216 460 iudicium
233 420 419 474 facerent)
440 423 574 475 pergit,
595 424 685 475 quid
704 423 827 463 facere
843 425 947 472 velit,
958 425 1023 475 sed
1031 440 1141 463 omnes
1157 427 1300 465 virtutes

36 476 179 521 animae,
184 475 383 528 singulatim
395 490 542 528 quaeque
554 478 680 526 imago,
690 476 747 528 (h.
760 490 791 515 e.
807 476 856 516 fic
870 477 982 523 fafia,
992 489 1034 517 ut
1047 479 1231 531 integram
1248 481 1303 531 pi·

36 527 181 569 &uram
197 541 452 581 unaquaeque
467 531 587 568 virtus
602 531 757 582 habeat)
774 534 930 584 pingetur
948 532 1165 571 imitationem
1184 536 1301 572 arche-

35 582 111 633 typi
132 582 323 634 exprimens.
348 582 392 621 In
419 584 676 635 proponendis
698 585 846 623 animae
869 585 1021 624 dotibus
1045 585 1216 638 repudiat
1238 587 1298 635 id,

35 635 141 687 quod
154 635 274 688 pistor
291 636 352 675 ille
366 636 404 675 in
420 649 584 688 corpore
598 635 779 681 faciebat,
796 639 884 690 qui,
905 649 947 678 ut
963 638 1105 678 Divam
1121 640 1299 692 pulcher-

34 689 168 729 rimam
191 690 438 741 exprimeret,
459 690 506 729 ab
519 690 587 730 hac
609 691 733 742 puella
757 690 925 731 sumebat
945 693 1161 745 exemplum
1179 693 1297 734 huius

33 743 191 781 membri
201 743 423 788 velcoloris,
435 744 482 783 ab
492 743 565 782 alia
573 744 738 790 alterius,
751 743 791 783 &
801 745 849 785 stc
862 746 983 785 varias
997 748 1295 798 pulchritudines

31 794 70 834 in
87 808 199 835 unam
214 797 383 836 tabulam
396 796 627 837 conferebat.
654 797 694 837 Id
708 799 745 836 in
761 798 1002 851 depingendis
1023 800 1133 839 bonis
1147 802 1295 842 animae

22 853 145 900 lnegat
157 850 218 889 hic
231 849 267 889 se
280 848 500 890 secuturum
516 881 528 897 ,
554 851 595 890 δι
609 851 658 891 sle
671 864 830 904 quoque
845 853 906 891 illa
921 853 1049 892 omnia
1064 854 1297 894 coniunctu-

4 902 116 951 „irum
134 903 170 942 in
184 916 259 943 una
272 903 422 956 pistura
433 935 446 950 ‚
465 903 527 944 sed
542 917 589 944 ex
601 904 753 957 singulis
768 904 974 956 separatam
991 906 1295 961 singularemque

2 987 4 990 ,
27 953 235 1008 'imaginem
249 956 486 998 effecturum.
499 958 582 996 Καθ’
593 957 760 998 ἑκάστην
776 959 876 999 εἰκὼν
891 960 966 1009 μία
979 973 1057 1000 non
1074 962 1210 1000 debent
1225 975 1294 1013 per

2 1007 9 1013 ⁷
33 1009 217 1051 minorem
229 1011 503 1052 distinctionem
517 1012 676 1058 distrahi,
699 1011 758 1051 sed
773 1015 955 1066 coniungi
970 1026 1104 1053 omnes
1123 1026 1295 1066 quatuor

33 1075 153 1102 voces
166 1093 176 1110 ,
192 1063 381 1104 seiunCIae
396 1065 443 1104 ab
462 1066 774 1118 praecedentibus
787 1066 828 1104 &
845 1066 1097 1119 sequentibus,
1111 1081 1211 1120 quae
1228 1082 1296 1120 ap-

13 1129 241 1182 rponuntur,
260 1129 302 1157 ut
315 1119 492 1158 Hermot.
510 1132 592 1172 cap.
609 1134 653 1172 33
668 1118 693 1158 f.
710 1119 802 1158 dixit
818 1119 1057 1170 ξύμπαντες,
1078 1120 1114 1160 ἐν
1127 1121 1181 1170 τῷ
1191 1125 1294 1172 μέρει

29 1170 201 1216 ἕκαστος.
223 1172 300 1212 Ubi
321 1173 410 1213 vide
431 1173 573 1214 nostra.
595 1173 740 1214 GRON·
770 1173 830 1212 Sic
855 1174 1035 1227 graphice
1055 1175 1153 1227 apud
1174 1175 1295 1220 Plau-

29 1237 111 1266 tum
131 1224 206 1265 &c.
229 1225 388 1265 δοῖ-ΑΝ.
1099 1236 1101 1238 ·

38 1307 40 1309 .
83 1280 158 1319 ead.
175 1279 198 1317 l.
213 1277 248 1317 8.
265 1279 392 1332 Λώϊον)
408 1279 565 1320 Parodia
584 1279 753 1320 Hefiodi.
769 1280 898 1320 Locus
910 1279 1021 1334 supra
1037 1281 1227 1322 indicatus
1237 1281 1292 1322 est

29 1333 74 1373 ad
87 1344 121 1370 c.
139 1346 197 1371 12.
222 1333 378 1372 SOLAN.

70 1387 172 1436 pag.
186 1400 248 1426 20.
261 1389 283 1426 l.
297 1402 330 1439 3.
346 1385 501 1439 Παισῶν)
522 1386 579 1426 Ita
594 1386 633 1425 in
646 1386 828 1426 omnibus
840 1387 998 1439 legitur:
1022 1388 1066 1427 ad
1083 1386 1211 1428 Musas
1226 1389 1293 1428 ita-

0 1464 2 1481 ÷
26 1452 103 1491 que
121 1438 357 1480 referendum
373 1470 384 1488 ‚
403 1453 568 1492 quarum
591 1442 766 1480 omnium
785 1452 883 1480 artes
897 1454 1016 1480 unam
1035 1443 1085 1481 ait
1106 1441 1291 1496 poffidere

0 1496 1 1503 ¹
25 1492 245 1534 Pantheam.
271 1495 429 1535 SOLAN.

0 1543 1 1594 l
80 1550 154 1585 ead.
171 1548 194 1586 l.
209 1547 244 1586 8.
268 1546 505 1587 Δευσοποιοῖς
520 1561 598 1586 τισι
613 1547 849 1600 φαρμάκοις)
867 1547 984 1601 Quae
998 1548 1066 1587 fint
1078 1548 1292 1589 ἒευσοποιέι

0 1597 1 1615 ¹
25 1599 229 1651 φάρμακα,
242 1600 342 1642 forte
353 1601 507 1654 intelligi
522 1601 654 1641 melius
670 1602 824 1654 poterit,
838 1601 958 1655 fiquis
971 1601 1143 1643 conferat
1156 1604 1289 1644 locum

23 1667 48 1694 e
68 1654 267 1694 Ciceronis
279 1654 492 1695 Hortensio
506 1668 527 1695 a
542 1655 674 1694 Nonio
694 1655 885 1694 servatum
903 1671 947 1705 4,
967 1669 1065 1709 405:
1097 1660 1150 1696 Ut
1163 1658 1208 1702 ii,
1231 1658 1291 1710 qui

25 1708 195 1749 combibi
215 1722 421 1761 purpuram
435 1710 576 1754 volunt,
591 1708 780 1749 sufficiunt
796 1710 894 1762 prius
911 1711 1025 1748 lanam
1041 1710 1290 1750 medicamen-

25 1763 72 1803 tis
86 1763 281 1814 quibusdam
293 1763 367 1803 διε.
384 1763 640 1802 Laudavimus
651 1776 776 1814 nuper
788 1764 889 1803 hunc
903 1763 1047 1811 locum,
1065 1765 1106 1804 δι
1121 1766 1229 1817 plura
1242 1765 1291 1804 de

26 1816 104 1856 hoc
115 1826 345 1869 argumento
359 1817 525 1855 diximus
539 1816 583 1856 ad
596 1816 756 1868 Quin&
768 1817 840 1856 XII
852 1848 862 1864 ,
879 1830 941 1862 10,
960 1831 1023 1869 75.
1041 1818 1169 1858 GESN.

28 1901 35 1905 ,,
77 1872 150 1909 ead.
166 1873 190 1909 l.
208 1884 267 1910 10.
291 1868 341 1909 Οὗ
354 1871 432 1924 ’γάρ
448 1870 529 1910 ἐσθ’
541 1870 575 1916 δ’,
587 1885 625 1909 τι
637 1869 804 1910 τοιοῦτον
820 1870 855 1909 ἐν
867 1870 948 1910 τοῖς
960 1872 1104 1918 πάλαι,
1119 1871 1286 1910 παιδίας

25 1925 110 1977 πέρι
130 1923 426 1974 μνημονεύεται)
444 1926 561 1978 Neque
579 1924 664 1962 enim
675 1925 854 1977 quidquam
867 1926 933 1963 tale
943 1925 978 1963 in
999 1926 1162 1964 veteribus
1181 1928 1218 1963 de
1234 1926 1286 1964 di-

18 1978 166 2039 [ciplina
177 1990 384 2017 memoratur.
396 1977 456 2017 Sic
470 1977 721 2026 scribendum,
733 1991 828 2024 non,
836 1989 879 2017 ut
890 1979 1027 2030 vulgo,
1043 1978 1114 2018 ὅτι·
1128 1979 1163 2017 id
1178 1979 1286 2031 quod

24 2045 98 2072 tam
111 2030 220 2083 saepe
241 2032 464 2071 monuimus
480 2033 592 2071 etiam
609 2032 697 2070 alibi
719 2032 816 2071 male
832 2033 931 2083 apud
946 2031 1132 2071 Nostrum
1154 2031 1288 2081 scribi,

24 2083 245 2139 saepiusque
260 2087 440 2125 monituri
461 2085 600 2125 sumus.
625 2085 728 2124 IENs.
745 2080 881 2138 ”Ο,τι)
904 2086 1009 2125 Bene
1029 2086 1119 2125 lens.
1142 2087 1204 2124 vel
1221 2098 1288 2138 per

24 2137 77 2185 se,
89 2139 152 2178 vel
166 2152 213 2179 ex
232 2140 316 2178 Par.
330 2140 386 2178 ed.
401 2139 495 2180 vidit
514 2138 564 2180 stc
578 2138 813 2179 scribendum
827 2153 898 2190 pro
909 2139 1071 2192 vulgato
1084 2139 1152 2179 ὅτι.
1166 2139 1289 2180 Recte

25 2194 125 2234 enim
138 2192 175 2231 ὃς
186 2207 245 2231 τις
258 2193 341 2245 post
353 2190 418 2232 οὐκ
431 2191 512 2232 ἔστι
526 2192 709 2245 sequitur,
728 2204 771 2232 ut
786 2193 957 2245 Alciphr.
974 2193 1042 2239 ΙΙΙ,
1060 2207 1121 2241 24,
1139 2207 1173 2246 p.
1195 2207 1285 2246 330,

25 2244 89 2285 οῦκ
103 2246 203 2286 ἔστιν
225 2243 264 2286 {iv
283 2262 372 2287 τινα,
387 2245 451 2286 οὐκ.
469 2247 698 2286 ἀπολώλεκε.
716 2247 854 2286 Noster
868 2247 978 2299 supra
991 2246 1160 2286 Demon.
1178 2247 1194 2296 ξ
1214 2261 1282 2293 10,

23 2300 87 2342 καὶ
99 2296 161 2340 οὔκ
175 2299 278 2342 ἔστιν
289 2300 325 2340 ὅν
341 2315 429 2341 τινα
441 2296 504 2340 οὐκ
516 2300 640 2341 οἰκεῖον
655 2300 827 2352 ἐνόμιζεν.
849 2301 909 2340 Ne
925 2301 1031 2354 plura
1051 2302 1090 2339 in
1107 2313 1148 2340 re
1168 2301 1284 2339 mani-

23 2352 115 2394 festa
131 2353 299 2394 afferam.
323 2355 462 2394 Rmz.

74 2411 146 2447 ead.
160 2408 183 2447 l.
198 2422 212 2447 1
225 2421 256 2446 1.
274 2408 442 2448 Haefsioef
452 2407 554 2461 πέρι)
569 2408 731 2460 Corrige
747 2407 940 2448 missia.
958 2407 1125 2448 GUYET.
1146 2407 1186 2446 Id
1206 2407 1282 2446 iam

23 2459 116 2508 feci,
140 2461 180 2501 δι
191 2461 374 2509 fecissem,
396 2475 439 2501 ut
453 2463 506 2500 Fl.
521 2475 600 2501 non
615 2461 838 2501 monuisset:
861 2475 946 2500 nam
961 2474 1128 2500 errorem
1146 2474 1282 2512 opera·

20 2526 108 2560 tum
127 2527 275 2562 tantum
298 2516 506 2557 fuiffeillud
520 2516 705 2565 ποικὸίοις,
728 2527 833 2570 patet
853 2529 902 2556 ex
921 2516 1063 2557 Bened.
1084 2514 1282 2562 versione,
