1764 3419
431 219 527 281 ‘428
632 219 1506 269 ANNOTATIONES

430 310 569 364 telligi‚
589 312 743 364 quoties
771 311 904 363 plurali
928 323 1089 350 numero
1114 321 1297 360 utuntur;
1314 310 1372 350 sed
1397 311 1487 364 quia
1507 311 1699 352 ordinario

432 365 512 404 duo
530 376 659 411 erant,
684 364 792 404 usum
814 363 1012 403 invaluisse
1031 393 1042 411 ,
1064 374 1105 403 ut
1124 365 1306 415 pluralem
1327 365 1437 404 etiam
1462 365 1507 403 de
1533 378 1616 405 uno
1642 367 1703 405 lo·

434 430 594 471 quentes
607 419 826 457 retinerent.
844 418 941 456 Nam
957 416 984 456 st
1000 418 1036 456 in
1051 431 1187 470 magna
1202 419 1293 457 navi
1307 419 1386 457 duo
1401 429 1506 457 erant
1519 418 1704 470 guberna-

435 473 542 516 cula,
566 473 677 511 etiam
696 472 890 510 binierant
908 471 1203 524 gubernatores,
1229 482 1271 510 ut
1288 472 1474 511 Meibom.
1497 472 1541 510 de
1561 471 1702 512 fabrica

435 526 645 565 triremium
671 525 812 577 aliique
830 525 905 563 iam
922 523 1189 564 observarunt.
1205 524 1258 564 At
1277 526 1315 563 in
1336 525 1515 564 medi-ocri
1529 524 1613 564 fieri
1633 538 1706 577 po-

437 579 534 626 tuit,
561 590 603 617 ut
632 579 798 631 perticae
819 577 1011 617 versatiles
1033 579 1187 631 utrique
1208 579 1492 630 gubernaculo,
1520 580 1566 618 ad
1588 578 1706 618 latera

437 632 575 685 puppis
590 631 828 685 dependenti,
848 632 899 670 ita
912 630 1029 671 ess'ent
1042 644 1241 672 connexae
1254 663 1264 678 ,
1281 643 1324 671 ut
1340 633 1386 672 iis
1398 632 1526 672 dextra
1541 631 1707 670 sinistra·

435 698 515 739 que
539 698 654 725 manu
671 686 718 725 ab
744 697 824 724 uno
847 685 1106 737 gubernatore
1128 685 1317 738 prehensis
1331 715 1342 730 ‚
1363 697 1575 739 utrumque
1595 684 1707 726 simul

438 740 504 778 vel
520 739 746 779 alterutrum
763 752 828 792 per
843 740 948 779 vices
961 739 1111 778 moveri
1127 740 1305 791 potuerit.
1321 739 1469 778 Rttrz.

497 793 585 844 Pag.
602 793 664 846 63.
679 793 713 831 in
730 793 844 832 Schol.
857 792 1080 845 Φιλέτερος)
1093 793 1278 844 Corrige,
1294 794 1526 846 φιλέταιρος.
1539 793 1639 832 Nam
1654 792 1713 832 vi-

440 846 551 885 detur
570 859 719 886 tantum
734 846 897 886 indicare
909 845 1087 894 voluisse,
1100 846 1251 886 diverso
1266 859 1423 886 accentu
1438 847 1653 897 φιλέταιρος
1668 846 1712 886 8:

441 900 660 952 φιλεταῖρος
681 899 786 953 posse
804 899 934 946 scribi,
950 913 994 939 ut
1009 900 1184 954 ἄγροικος
1204 900 1244 940 ὅ(
1264 900 1452 954 ἀγροῖκος,
1471 900 1517 940 de
1539 912 1620 953 quo
1642 899 1714 940 de·

440 954 539 993 inde.
555 953 635 993 Nifi
650 954 733 1007 quis
748 954 984 1005 φιλεταίρως
1004 954 1129 1007 legere
1148 954 1252 993 malit
1265 984 1276 1002 ‚
1291 956 1398 1006 quod
1413 954 1566 1008 longius
1581 965 1713 993 tamen

442 1020 465 1046 a
484 1007 670 1059 scriptura
688 1007 841 1048 Codicis
863 1008 949 1047 abit.
967 1008 1110 1047 Rem.
1132 1008 1254 1047 Notat
1276 1006 1412 1048 frater:
1433 1007 1586 1060 Quidni
1606 1019 1627 1046 a
1648 1007 1715 1058 φί-

444 1073 509 1101 λος
530 1062 570 1101 &
585 1058 704 1114 ἕτερος
718 1062 933 1102 derivemus
945 1092 959 1109 ,
975 1063 1080 1115 quod
1097 1063 1193 1101 idem
1208 1062 1278 1101 erit
1297 1073 1341 1101 ac
1355 1061 1587 1114 φιλέταιρος.
1601 1061 1728 1104 IDEM,

444 1117 481 1154 in
505 1117 663 1154 Addend.

501 1170 592 1222 Pag.
617 1170 680 1218 64.
697 1170 719 1208 l.
749 1183 781 1223 5.
807 1169 1016 1221 Κοράκους)
1040 1168 1105 1208 De
1129 1180 1303 1210 veterum
1330 1168 1562 1220 Scytharum
1583 1168 1716 1223 lingua

445 1223 532 1277 quis
561 1222 769 1277 scripserit,
791 1223 927 1262 nescio.
952 1222 1109 1262 SOLAN.
1126 1223 1268 1262 Forsan
1295 1227 1475 1262 Κοκέινους
1499 1222 1717 1262 Sarmatice.

446 1288 502 1317 LA
521 1277 678 1316 CROZE.
695 1277 758 1317 De
773 1275 954 1328 Scythica
965 1277 1110 1330 lingua,
1128 1278 1165 1316 ni
1177 1276 1301 1324 fallor,
1317 1276 1457 1330 scripfit
1472 1277 1647 1329 Theoph.
1663 1275 1719 1316 Si-

450 1330 543 1383 gefr.
559 1331 727 1371 Baiierus
739 1362 750 1379 ,
763 1344 878 1384 quem
896 1331 1022 1370 laudat
1034 1330 1230 1372 Gesnerus
1242 1330 1342 1384 supr.
1359 1331 1405 1370 ad
1421 1330 1628 1370 Alexandr.
1651 1329 1720 1370 seu

450 1384 650 1427 Pseudom.
665 1398 697 1425 c.
716 1398 773 1436 51.
791 1385 940 1424 Rmz.

505 1439 670 1491 P.zg.65.
688 1440 711 1477 l.
730 1453 763 1478 1.
776 1439 830 1478 Ἐν
843 1437 1014 1477 Σκύθαις·
1038 1435 1112 1476 ἕιτε
1139 1437 1321 1491 ἀξένους)
1344 1438 1409 1477 De
1424 1437 1661 1490 Scytharum
1680 1436 1722 1477 in

450 1490 620 1545 hospites
632 1492 869 1537 crudelitate,
881 1505 983 1544 quos
996 1491 1180 1531 ma&atos
1195 1492 1464 1538 comedebant,
1476 1491 1578 1531 conf.
1591 1490 1723 1532 Nostr.

449 1545 549 1598 supr.
563 1545 686 1585 Deor.
702 1546 805 1586 Dial.
820 1547 893 1586 XV
901 1545 933 1592 1,
946 1545 986 1585 δι
1001 1546 1076 1585 Iac.
1091 1544 1230 1585 Elsner.
1243 1547 1289 1585 ad
1307 1546 1422 1600 Epist.
1437 1546 1482 1586 ad
1495 1544 1640 1586 Coloff.
1652 1544 1723 1594 111,

451 1613 472 1638 ·1
484 1613 518 1647 1,
531 1600 597 1639 ubi
612 1612 634 1638 a
651 1600 819 1640 barbaris
832 1599 1130 1653 distinguuntur,
1144 1601 1250 1652 quod
1267 1601 1433 1639 maxime
1453 1598 1525 1639 sint
1546 1599 1726 1646 barbari,

453 1652 519 1693 seu
532 1653 784 1693 barbarorum
795 1654 946 1693 barbari
959 1683 969 1699 ,
986 1654 1071 1694 licet
1085 1653 1214 1706 postea
1236 1655 1361 1706 aliqua
1376 1666 1538 1707 quoque
1561 1652 1722 1693 iustitiae

454 1708 567 1747 laude
582 1708 763 1748 celebrati
777 1708 965 1761 legantur.
979 1707 1087 1746 Patet
1100 1707 1241 1755 saltem,
1257 1708 1406 1759 ἀξένους
1418 1709 1582 1746 omnino
1597 1707 1727 1759 legen-

455 1762 547 1801 dum
562 1793 575 1808 ‚
595 1773 638 1801 ut
661 1762 782 1816 probe
797 1763 910 1802 etiam
926 1761 1085 1802 Gesner.
1107 1773 1196 1801 cum
1217 1762 1364 1802 Solano
1378 1762 1484 1801 vidit.
1500 1761 1590 1800 Vid.
1605 1759 1726 1801 Ovid.

459 1814 517 1855 lV
539 1815 654 1855 Trist.
669 1816 743 1865 IV,
760 1816 817 1869 56.
835 1814 1084 1855 REITz.‘'A7·s
1102 1819 1180 1870 γὰρ
1195 1814 1319 1867 ξένους
1335 1837 1380 1845 -
1393 1814 1456 1854 καὶ
1475 1815 1658 1869 ἀγρίους)
1681 1814 1728 1854 In

459 1868 564 1921 ξένος
579 1870 675 1909 nihil
686 1870 760 1917 est,
773 1871 879 1923 quod
891 1869 1139 1922 suspicionem
1154 1870 1336 1923 praebeat
1340 1867 1510 1920 firitati5;
1526 1881 1650 1921 neque
1663 1882 1729 1921 ap·

456 1933 570 1977 paret
582 1953 595 1970 ,
614 1925 817 1975 quomodo
832 1923 998 1977 populus
1010 1924 1143 1976 aliquis
1158 1935 1264 1963 totus
1275 1953 1285 1969 ‚
1300 1924 1337 1961 in
1349 1922 1413 1962 sua
1430 1923 1548 1975 patria
1559 1924 1702 1962 vivens
1716 1951 1730 1968 ,
1761 1931 1764 1944 ¹

458 1977 573 2031 pollit
599 1977 702 2029 ξένος
725 1979 874 2018 vocari.
893 1977 1099 2030 Quaesivit
1114 1980 1226 2028 σοφὸν
1247 1977 1449 2028 φάρμακον
1467 1975 1665 2022 Erasmus,
1685 1976 1730 2017 δε
1762 1985 1764 1992 “

459 2033 580 2070 vertit
604 2033 783 2080 harbaros;
802 2032 862 2071 sed
876 2043 1025 2083 praeter
1040 2032 1118 2070 vim
1141 2031 1326 2076 nominis,
1346 2041 1455 2084 puto.
1471 2030 1606 2083 ltaque
1619 2029 1732 2084 plane
1762 2059 1764 2063 -

460 2097 543 2124 non
555 2085 691 2125 dubito
701 2116 713 2132 ,
727 2087 787 2125 hic
805 2086 1004 2139 legendum
1018 2084 1091 2124 effe
1104 2084 1271 2136 ἀξένους,
1289 2085 1403 2137 idque
1417 2097 1468 2124 eo
1480 2085 1618 2137 magis,
1639 2097 1731 2124 cum

462 2137 574 2190 supra
598 2139 671 2177 iam
693 2140 863 2179 innuerit
877 2170 888 2187 ‚
902 2139 1009 2192 quod
1024 2139 1174 2178 aliunde
1189 2138 1421 2178 notiffimum
1446 2138 1498 2178 est
1509 2167 1520 2183 ,
1538 2138 1702 2178 Pontum
1717 2167 1734 2185 ‚
1762 2148 1764 2171 1

465 2193 531 2245 qui
547 2193 678 2245 postea
691 2224 702 2240 ,
720 2193 863 2245 εὔξενος
880 2194 941 2233 vel
955 2192 1115 2244 εὔξεινος
1128 2193 1222 2232 boni
1236 2193 1376 2232 ominis
1389 2191 1505 2232 causa
1520 2191 1641 2232 dietus
1657 2190 1733 2238 est,

465 2245 597 2298 ἄξενον
621 2247 713 2286 olim
735 2248 782 2286 ab
796 2248 950 2299 ingenio
966 2248 1005 2286 δε
1025 2247 1197 2287 moribus
1213 2247 1434 2286 accolarum
1448 2245 1522 2286 effe
1534 2256 1735 2286 vocatum.

466 2300 602 2353 Itaque
623 2302 721 2340 verti
736 2302 969 2354 inhospitales,
984 2301 1159 2353 idemque
1181 2300 1321 2340 fanum
1339 2301 1485 2340 videoa
1498 2299 1640 2340 Solano
1654 2329 1665 2345 ,
1690 2299 1734 2340 &

469 2365 568 2407 puto
598 2353 720 2405 ipsum
743 2354 897 2408 ἀξένους
925 2355 998 2395 effe
1021 2356 1060 2394 in
1092 2365 1314 2395 contextum
1340 2354 1526 2394 orationis
1551 2354 1737 2405 recipien-

468 2409 572 2448 dum.
586 2407 716 2449 stn.

535 2462 612 2502 ibid.
639 2462 835 2516 Ἀξένους)
867 2462 926 2502 Ita
957 2461 1166 2502 necessario
1190 2461 1464 2505 emendandum
1489 2458 1582 2500 suit:
1611 2459 1735 2512 ξένους

471 2516 570 2556 enim
585 2547 596 2564 .-
609 2518 715 2569 quod
732 2517 770 2557 in
784 2517 962 2559 omnibus
985 2517 1137 2571 legitur,
1151 2513 1348 2557 manifesto
1364 2528 1530 2570 pravum
1547 2512 1612 2556 est.
1631 2513 1740 2557 Vidi·⁴
