1764 3419
255 232 324 278 IN
360 231 661 279 SOMNIUM
696 232 809 279 SEU
845 231 1124 280 GALLUM.
1155 275 1158 277 .
1232 236 1319 299 589

118 323 192 361 ead.
207 322 230 360 l.
245 335 281 375 9.
296 320 455 376 Στὶἷναι)
476 326 536 361 Tou
550 322 724 362 excidiffe
737 323 901 368 videtur,
925 321 1062 361 στῆναί
1075 339 1133 362 τοι
1144 352 1154 368 ,
1178 326 1195 363 ἢ
1210 322 1324 376 ’ἅπαξ

67 375 321 415 arefiunt.
335 376 426 414 Non
445 376 541 415 male
555 375 681 416 olfecit
691 376 837 428 Guyet.
851 376 989 428 aliquid
1006 377 1049 414 ad
1063 376 1210 415 versum
1225 380 1324 417 dees-

68 428 128 477 se3
146 440 182 468 at
203 441 289 469 cum
305 429 344 468 in
363 427 494 482 Eurip.
513 429 674 481 legatur,
698 431 837 468 Στιῐναι
860 430 1008 478 θέλοιμ’
1021 430 1065 468 ἂν
1078 429 1224 478 μᾶλλον
1242 434 1258 470 51
1277 431 1322 468 ἔι-

67 481 153 533 παξ
165 482 301 529 τεκεῖν,
318 491 433 533 patet,
449 495 528 521 non
545 482 662 534 ipsum
676 482 842 530 versum,
864 482 924 522 sed
936 481 1154 522 sententiam
1170 494 1320 522 tantum

68 536 150 574 eius
162 535 208 574 ab
220 534 394 574 Luciano
407 535 480 574 effe
500 547 727 589 excerptam.
750 536 886 589 Quare
902 537 939 575 in
954 537 1112 589 vulgata
1125 537 1218 575 nihil
1239 551 1324 577 mu·

67 588 242 628 tavetim.
264 588 410 627 Rmz.

122 642 194 680 ead.
205 641 228 679 l.
247 653 302 680 ιο.
320 640 388 679 Καὶ
401 640 475 691 μὴν
492 642 687 693 ἀναμνήσω
704 657 763 688 σε,
780 638 807 682 (ἶ
822 644 1003 691 Μίκυλλε,
1027 638 1089 682 οὐκ
1104 643 1156 683 εἰς
1172 646 1321 695 μακρὰν

69 693 290 747 ὦὲίνουσαν)
303 693 440 734 Inscite
452 705 632 734 vertunt:
653 698 751 735 immo
762 711 956 748 praemoneo
971 711 1015 743 te,
1026 698 1134 749 paulo
1141 700 1214 751 post
1222 714 1320 749 puer-

62 763 177 801 peram
183 747 270 797 fhre.
293 747 430 788 Sensus
447 749 548 787 enim
562 749 636 788 est:
659 751 801 801 equidem
818 751 853 788 in
866 762 999 789 mentem
1016 751 1077 788 tihi
1096 753 1278 800 revocabo,
1300 768 1322 792 o

70 802 393 858 Micyllemquando
414 817 482 840 non
495 803 598 841 multo
612 804 734 841 abhinc
753 815 891 855 tempore
900 805 1090 856 parturies:
1116 805 1152 843 id
1177 804 1259 845 satis
1274 806 1324 844 li-

67 865 181 906 quet,
193 864 274 893 tum
287 855 389 893 exiis
402 884 412 902 ,
427 868 528 908 quae
541 857 790 903 antecedunt,
813 868 895 896 tum
910 870 959 896 ex
974 858 1038 903 iis,
1049 870 1146 911 quae
1159 857 1324 912 sequun-

67 918 147 955 tur.
167 907 210 946 L.
223 907 322 946 Bos.

120 963 192 1000 ead.
211 961 235 999 l.
254 975 313 1000 11.
329 960 569 1015 Ὠἓίνουσαή
592 961 812 1003 Ὠἒινοῦσαν
827 962 1049 1016 legendum,
1066 974 1109 1004 ut
1132 964 1176 1003 fit
1201 964 1321 1005 futuri

67 1014 261 1067 temporis.
276 1014 441 1054 GUYET.
467 1014 659 1055 Affentior
678 1016 862 1068 Guyeto‚
882 1017 932 1055 nil
947 1029 1072 1057 tamen
1089 1019 1246 1057 mutavi.
1269 1020 1322 1058 Α-

70 1080 148 1108 mat
163 1066 336 1106 futurum
353 1069 403 1107 εἰς
413 1083 494 1118 μοικ
518 1070 578 1116 ἄν,
590 1070 665 1108 vid.
678 1069 872 1122 Aristoph.
887 1070 994 1110 Thes
991 1084 1038 1110 m.
1055 1071 1144 1124 389,
1157 1072 1196 1111 δι
1207 1072 1323 1123 Vesp.

66 1134 157 1173 452.
173 1120 396 1173 Alciphr.1,
411 1122 481 1173 Epi
517 1151 524 1160 .
544 1136 588 1175 35
607 1122 631 1162 f.
647 1119 712 1162 οὐκ
727 1123 778 1162 εἰς
790 1125 938 1173 μακρὰν
953 1124 1221 1175 ἁνιασομένοις.
1251 1125 1322 1165 Sed

67 1173 244 1228 praesens
257 1175 318 1214 hic
332 1175 384 1214 nil
396 1175 508 1215 habet
512 1175 766 1229 incommodi.
784 1176 925 1215 REITz.

124 1228 216 1279 Pag.
235 1241 320 1279 320.
336 1229 359 1266 l.
378 1242 406 1266 1.
422 1229 471 1269 Σὲ
491 1228 568 1281 οὐν)
589 1229 699 1268 Unde
718 1229 876 1277 habeat,
898 1230 997 1269 haud
1011 1229 1118 1271 facile
1131 1231 1231 1270 dictu
1245 1231 1321 1272 est:

68 1293 196 1334 neque
205 1292 330 1320 tamen
345 1281 440 1321 adeo
453 1281 610 1321 absurde
623 1282 687 1321 sua
697 1282 790 1322 solet
802 1282 1049 1331 comminisci,
1062 1295 1104 1322 ut
1117 1284 1208 1322 nihil
1218 1299 1322 1336 pror-

70 1334 132 1374 sus
148 1335 231 1374 veri
243 1333 368 1374 subsit.
390 1334 454 1374 De
468 1334 690 1387 Pythagora
711 1347 838 1375 autem
857 1336 951 1388 quid
968 1349 1061 1375 vere
1075 1335 1223 1376 senserit
1237 1338 1322 1377 No-

69 1387 156 1435 ster,
170 1387 266 1428 serio
278 1388 316 1427 in
330 1388 443 1428 Alex.
455 1390 613 1441 exponit
624 1402 656 1430 c.
674 1403 710 1438 4.
723 1390 801 1429 Hic
816 1400 942 1428 autem
957 1388 1200 1441 Polycratem
1217 1391 1324 1430 intel-

66 1441 173 1494 ligit,
197 1442 304 1481 cuius
315 1454 436 1481 aetate
448 1441 579 1481 vixiffe
591 1443 760 1483 traditur.
782 1443 882 1482 Vide
893 1442 1024 1482 Iambl.
1038 1443 1073 1481 N
1078 1442 1113 1482 0.
1129 1458 1145 1482 1
1156 1457 1187 1482 1.
1214 1444 1325 1484 Ado-

68 1495 231 1535 lescebat
251 1496 350 1535 enim
374 1495 612 1548 Pythagoras
636 1507 725 1536 cum
748 1495 967 1548 &c.·Diog.
991 1497 1116 1536 Laert.
1137 1509 1223 1550 pag.
1246 1512 1323 1547 214

66 1547 122 1588 D.
144 1549 302 1588 SOLAN.

121 1603 228 1641 ead.l.
246 1617 282 1642 2.
295 1602 510 1643 Ἀσπασίαν
519 1603 701 1658 γενέσθαι
713 1602 767 1653 τῷ
776 1602 956 1655 τυρά·’ν’·)
979 1603 1053 1643 Iac.
1070 1602 1208 1644 Elsner.
1230 1604 1324 1645 haec

71 1655 228 1696 Luciani
243 1656 381 1702 verba,
396 1658 440 1695 ad
461 1656 674 1696 illustranda
694 1655 873 1709 Apostoli
894 1658 954 1696 illa
973 1657 1020 1695 ad
1043 1656 1210 1696 Roman.
1225 1657 1325 1706 VII,

75 1723 114 1762 3,
129 1709 291 1749 afferens
302 1710 428 1757 vertit,
443 1709 628 1762 Aspafiam
648 1710 788 1763 nupfiſj}
800 1723 960 1762 tyranno,
972 1721 1087 1760 atque
1102 1711 1198 1749 idem
1211 1710 1326 1763 figni-

69 1762 185 1803 ficare
199 1774 323 1816 putat,
339 1764 445 1816 quod
455 1763 648 1817 Apostolo
658 1765 719 1803 ἐὰν
731 1765 890 1817 ’γένηται
904 1762 1008 1815 ἀνὲρὶ
1020 1762 1143 1814 ἑτέρῳ.
1164 1764 1234 1803 Sed
1255 1766 1325 1804 mi-

70 1829 143 1856 nus
164 1816 339 1870 profefto
359 1828 545 1856 accurate.
570 1818 669 1856 Nam
689 1820 815 1870 primo
833 1829 911 1856 non
935 1817 1084 1856 videtur
1105 1817 1324 1867 attendisse,

67 1872 178 1923 quod
199 1870 352 1910 Lucian.
370 1870 468 1910 haud
489 1871 540 1910 ita
554 1871 676 1910 multo
699 1882 786 1910 ante
798 1869 991 1923 Aspafiam
1011 1881 1127 1909 vocet
1148 1872 1326 1910 meretri-

69 1936 170 1972 cem,
191 1935 234 1963 ut
245 1935 345 1971 erat3
370 1937 493 1976 neque
505 1923 578 1964 effe
589 1923 896 1964 confundendam
917 1936 1004 1964 cum
1021 1922 1185 1974 Aspasia,
1204 1938 1322 1976 quam

69 1976 204 2029 Cyrus
216 1977 284 2016 fibi
296 1978 432 2024 iunxit,
447 1978 492 2016 de
505 1991 581 2030 qua
591 1977 740 2016 Aelian.
752 1977 826 2016 XII
837 2007 846 2021 ,
869 1990 902 2022 ι,
917 1989 1111 2029 quamque
1129 1978 1249 2029 probe
1267 1979 1324 2017 di·

69 2029 200 2070 stinxit
209 2031 380 2082 Loydius
392 2032 429 2069 in
441 2031 531 2069 Lex.
549 2031 642 2069 Hist.
656 2030 800 2083 Geogr.
814 2029 965 2070 Deinde
979 2060 989 2074 ,
1012 2030 1120 2069 aliam
1143 2030 1216 2070 effe
1234 2044 1323 2070 ver-

73 2084 212 2124 borum
221 2085 378 2124 Luciani
388 2083 625 2131 teneuram,
639 2085 705 2136 qui
717 2086 814 2131 vult,
826 2095 918 2130 tune,
933 2084 1033 2137 galle,
1044 2085 1189 2137 exstitisti
1203 2085 1322 2137 Aspa-

58 2140 120 2190 fia
131 2151 278 2190 tyranno
291 2140 312 2177 ,Ρ
327 2138 428 2177 unde
441 2138 593 2177 minime
607 2137 868 2190 consequitur,
881 2139 1043 2176 verbum
1056 2137 1236 2190 γίνεσὲςαι
1248 2138 1323 2177 τινὶ

72 2192 133 2232 hic
143 2191 367 2244 significare,
380 2193 493 2230 nubere
504 2191 620 2237 alicui,
633 2190 699 2230 etsi
708 2191 791 2231 casu
806 2191 960 2238 accidat,
970 2200 1013 2230 ut
1027 2191 1071 2229 de
1085 2190 1323 2230 coniunctio-

71 2257 122 2285 ne
133 2258 221 2285 cum
232 2246 318 2285 viro
337 2245 396 2285 hic
412 2245 524 2284 etiam
544 2244 668 2284 sermo
681 2244 743 2284 sit:
770 2258 857 2283 nam
873 2243 899 2282 fi
915 2244 1004 2283 illud
1021 2258 1064 2282 σε
1081 2245 1197 2283 modo
1210 2257 1321 2296 prae-

70 2298 236 2352 pofitum
255 2299 296 2338 δι
317 2299 477 2338 omnino
495 2311 582 2338 cum
601 2298 783 2350 γενέσθαι
808 2298 1017 2338 cohaerens
1038 2296 1321 2346 considerasset,

71 2351 221 2393 vidisset
233 2351 331 2399 sane,
344 2352 541 2404 vulgarem
553 2351 621 2391 τοῦ
634 2365 660 2404 y
672 2351 822 2390 ενέσῧαι
837 2351 895 2390 hic
907 2350 979 2390 effe
993 2349 1317 2403 significationem.

70 2405 224 2445 Interim
239 2406 310 2445 alia
321 2405 494 2446 Elsnerus
513 2405 625 2446 habet
639 2404 871 2453 testimonia,
894 2405 993 2444 unde
1014 2404 1178 2444 nubendi
1197 2403 1321 2443 sensus

72 2460 270 2514 probatur.
296 2459 442 2498 RErrz.

123 2516 196 2553 ead.
221 2513 244 2553 l.
266 2528 299 2566 3.
317 2513 378 2555 Τίς
396 2512 441 2555 Σὲ
453 2512 534 2566 sir)
552 2512 789 2567 ‘Scripturam
813 2512 913 2555 hanc
936 2510 1220 2565 suppeditarunt
1234 2509 1320 2550 Mff.
