1764 3419
287 228 357 276 IN
391 227 694 277 SOMNIUM
728 229 840 276 SEU
878 231 1164 279 GALLUM..
1269 238 1354 302 565

92 329 139 354 το
151 314 244 368 legi,
261 327 407 357 certum
419 317 473 357 est
485 347 497 365 ‚
516 318 621 370 quod
635 329 831 372 praeterea
846 318 862 359 ἐ
878 317 947 372 ipsi
958 319 1072 358 etiam
1095 321 1216 360 textui
1238 337 1256 362 a
1262 338 1365 376 ppo-1

93 368 423 411 suerit.'Coniicio
442 382 590 419 tamen,
615 372 654 410 in
676 372 717 411 L.
743 372 847 425 prius
861 372 1025 411 verbum
1048 386 1134 412 cum
1152 387 1361 426 augmento

94 421 204 462 fuiffe
215 422 420 476 scriptum,
437 423 592 477 eiusque
612 424 767 477 gloss‘am
789 425 993 465 ἐπεποίητο
1011 426 1072 464 vel
1094 429 1251 479 margini
1264 431 1364 470 eius..

92 475 178 514 dem
198 477 479 529 adpi&am,vel
497 477 560 530 ipfi
578 491 737 530 quoque
752 477 950 518 contextui
967 478 1155 518 infartam.
1179 481 1286 519 Rizu·
1295 493 1330 520 z.

147 530 234 583 ibid.-
244 529 443 578 Ἀφεθέντοι
456 530 516 578 ἑὲ,
537 527 583 571 ὦς
602 531 745 579 ἀφείθη,
763 535 827 571 τὸν
842 528 946 584 Ἄρην
963 532 1235 585 ἀγανακτῆσαι
1251 537 1362 574 κατὰ

95 580 164 621 τοῦ
179 583 452 636 Ἀλεκτρυόνος)
480 585 639 630 Mirum,
661 585 699 623 ni
720 585 810 623 illud
825 581 871 624 ὦς
886 584 1015 636 ἀφείθη
1031 585 1073 624 fit
1093 586 1273 637 glolsema
1291 587 1360 627 τοῦ

93 633 301 684 ἀφεθέντα.
315 637 400 689 Ego
413 648 517 676 certe
529 638 581 676 ita
599 637 818 677 existimem.
840 639 977 678 Narrat
991 640 1178 690 Micyllus
1191 639 1359 681 fabulam

94 687 212 736 Galli,
228 702 316 729 eum
334 691 372 728 in
381 690 494 731 coelo
505 703 596 730 cum
611 691 768 743 reliquis
779 691 871 731 Deis
885 692 1098 744 viventem,
1110 694 1244 733 Martis
1254 707 1361 746 prae·

93 742 208 793 cipue
224 741 428 783 studiosum
443 743 572 792 fuiss'e3
593 744 628 783 in
642 746 752 784 cuius
771 745 926 796 gratiam
940 758 1029 785 cum
1046 746 1190 797 vigilias
1211 759 1361 799 ageret,

93 795 260 836 dumille
275 809 366 836 cum
381 798 535 837 Venere
551 798 823 837 concumberet
835 828 847 844 ‚
871 799 1123 847 indicaturus,
1146 799 1173 838 fi
1195 802 1255 839 vcl
1269 801 1333 840 Sol
1348 830 1364 849 ‚

94 848 159 888 vel
174 849 272 889 alius
286 849 486 903 quisquam
500 852 711 897 accederet,
721 850 857 890 somno
873 851 979 891 fuisse
994 852 1225 904 oppressum,
1243 864 1360 906 atque

94 900 146 941 ita
165 904 466 944 concumbentes
486 904 570 943 illos
589 917 610 943 a
625 904 713 944 Sole
726 903 831 945 fuiffe
844 905 1023 945 Vulcano
1037 907 1223 957 proditos.
1250 908 1358 947 Tum

93 968 194 996 vero
212 957 396 1004 Martem,
418 957 662 998 ubivinculis
683 957 772 998 effer
792 957 959 1006 solutus,
981 959 1118 1012 quibus
1133 972 1154 998 a
1176 960 1357 1001 Vulcano

97 1021 186 1048 cum
200 1011 353 1050 Venere
371 1010 460 1052 effet
483 1012 797 1063 comprehensus,
815 1024 907 1064 prae
921 1012 1182 1066 indignatione
1202 1013 1361 1055 mutaffe

94 1062 248 1103 Gallum
269 1065 308 1103 in
327 1077 452 1105 avem.
481 1065 588 1105 IENs,
618 1065 680 1104 Ὠς
694 1064 842 1117 ἀφείθη)
857 1066 957 1105 Tam
977 1065 1171 1104 manifesta
1193 1068 1286 1107 haec
1305 1067 1360 1107 est

92 1116 299 1168 explicatio
314 1117 498 1169 praemiffi
515 1118 698 1172 participii
709 1117 912 1170 ἀφεθέντα,
928 1130 970 1158 ut
985 1120 1050 1157 vix
1066 1120 1155 1157 mihi
1174 1131 1361 1173 tempera-

93 1170 183 1216 tim,
198 1171 291 1224 quin
304 1182 440 1211 contra
455 1174 535 1211 edd.
547 1184 681 1212 omnes
698 1171 898 1215 eieciffem.
914 1172 986 1211 Sed
1000 1185 1046 1212 ne
1062 1175 1287 1214 temerarius
1299 1174 1360 1216 vi-¹

92 1223 198 1271 dear,
219 1224 326 1264 uncis
340 1236 384 1265 ut
400 1224 612 1279 suspectum
628 1225 770 1266 seclufi.
787 1226 932 1265 RErrz.

147 1280 221 1317 ead.
243 1278 267 1317 l.
284 1292 341 1327 14.
358 1276 568 1330 ΤονἍρην)
593 1280 758 1320 Utrovis
774 1291 883 1318 more
906 1278 979 1317 dici
993 1278 1103 1331 ’Ἄρην
1125 1279 1167 1320 &
1182 1274 1290 1331 Ἄρη,
1306 1293 1358 1320 ex

93 1330 360 1371 Grammaticis
377 1343 525 1372 notum.
542 1333 629 1372 Vid.
641 1331 737 1371 infra
745 1334 985 1383 Δημοσθένην
1001 1332 1040 1370 &
1063 1334 1295 1382 Δημοσθένη,
1310 1334 1359 1373 ad

94 1382 297 1425 Demosth.
323 1385 486 1429 Encom.
506 1399 589 1440 cap.
606 1399 628 1425 2
653 1386 694 1427 δι
715 1400 750 1438 9.
772 1385 942 1439 Ideoque
970 1399 991 1426 a
1013 1386 1172 1438 vulgata
1194 1399 1273 1428 non
1296 1399 1362 1428 re·

97 1437 199 1478 ceffi.
225 1439 367 1480 Rmz.

149 1493 242 1544 Pag.
257 1507 343 1546 294.
356 1493 381 1533 l.
398 1492 435 1532 8.
448 1491 667 1546 Πυθαγόραν
682 1492 822 1545 Μνησ.)
843 1492 994 1531 Addidit
1007 1492 1064 1532 ed.
1078 1493 1123 1532 P.
1139 1494 1362 1546 Μνησαρχίᾰ

95 1545 165 1586 δην
178 1546 345 1597 Σάμιον,
366 1547 472 1599 quod
496 1547 610 1587 etiam
627 1548 665 1584 in
689 1546 726 1585 P.
745 1546 951 1586 invenitur.
987 1546 1110 1598 Quod
1127 1547 1214 1585 ideo
1228 1548 1364 1599 genui-

98 1612 191 1639 num
208 1599 404 1647 existimo,
423 1600 514 1652 quia
531 1612 624 1640 mox
650 1613 671 1639 a
686 1599 852 1651 Micyllo
878 1601 1108 1651 Μνησάρχου
1128 1599 1220 1639 παῖς
1243 1613 1365 1640 voca-

95 1662 171 1692 tur.
191 1653 234 1692 In
254 1654 390 1694 eodem
416 1653 566 1695 Codice
593 1666 665 1707 pro
692 1649 805 1694 οἷο-θοι
827 1652 924 1706 ἄρα,
948 1653 1084 1706 legitur
1112 1654 1254 1694 ἀκούεις
1273 1656 1364 1694 τινὰ

98 1710 148 1745 Π.
173 1706 334 1747 SOLAN.

151 1760 230 1800 ibid.
255 1760 528 1813 Mvncaepxt'clnv
552 1759 721 1813 Σάμιον)
749 1759 866 1799 Samii
890 1758 1104 1800 Mnesarchi
1126 1760 1362 1800 annulorum

97 1812 311 1867 sculptoris,
329 1815 374 1854 de
388 1828 471 1867 quo
485 1815 611 1855 Laert.
639 1814 787 1854 COGN.

150 1870 224 1907 ead.
240 1869 264 1907 t.
291 1881 348 1908 10.
367 1868 437 1908 Ὃς
455 1866 675 1919 ἐνομοθέτει)
701 1867 765 1907 De
779 1865 970 1918 disciplina
986 1866 1246 1920 Pythagorica
1257 1866 1359 1908 Gell.

100 1921 142 1961 L.
156 1921 228 1968 I,c.
241 1935 292 1974 93v
309 1922 437 1967 LIV,
456 1934 515 1961 11.
528 1921 646 1962 Ovid.
659 1921 734 1960 XV
750 1921 908 1959 Metam.
930 1920 1075 1960 COGN.

155 1977 228 2014 ead.
246 1976 268 2013 l.
286 1989 301 2013 1
314 1989 328 2014 1
337 2006 345 2014 .
357 1973 461 2016 Μητε
473 1975 583 2026 κρεῶν
596 1974 798 2029 γεύεσθαι)
811 1974 940 2014 Senec.
957 1974 1023 2026 Ep.
1040 1987 1098 2026 19·
1113 1972 1260 2013 COGN.
1276 1974 1366 2014 Ari-

100 2026 279 2068 stoxenus
294 2029 394 2081 apud
406 2028 604 2068 Laertium
622 2042 658 2080 p.
675 2041 750 2080 219
765 2029 813 2066 A.
830 2029 881 2067 ait
892 2058 904 2076 ,
928 2040 1018 2068 eum
1033 2028 1167 2066 πάντα
1182 2031 1238 2066 τὰ
1257 2030 1367 2068 ἄλλοι.

37 2093 43 2103 “
101 2081 318 2138 συγχωρεῖν
331 2082 468 2123 ἐσθίειν
486 2081 669 2135 ἔμψυχα,
691 2082 806 2131 μόνων
821 2080 866 2120 δὲ
887 2078 1001 2119 αὐτὸν
1026 2082 1254 2135 ἀπέχεσθαι
1281 2082 1367 2134 ἀρο-

101 2134 210 2188 τῆρος
228 2137 328 2182 βοὸς,
352 2134 414 2174 καὶ
430 2134 539 2188 κριοῦ·
560 2149 582 2176 a
593 2135 756 2189 quibus,
772 2134 839 2174 nist
855 2135 919 2174 cui
929 2134 1064 2174 absunt
1079 2135 1169 2182 alia,
1185 2135 1270 2188 quis
1287 2147 1369 2175 non

103 2187 289 2229 abstinet?
312 2190 437 2228 Lm).

156 2244 231 2282 ead.
246 2243 268 2281 l.
291 2256 349 2282 12.
373 2240 461 2282 Γοῦν
475 2264 520 2274 --·
535 2240 771 2294 ἑιποφοιίνων)
795 2240 886 2280 Non
905 2239 1076 2293 agnoscit
1091 2237 1225 2280 ἄπονον
1241 2241 1296 2280 Fl.
1308 2240 1368 2281 ed.

102 2296 212 2350 quod
226 2296 359 2348 reliqui
370 2308 504 2335 omnes
516 2296 624 2347 impr.
638 2305 726 2334 ante
741 2295 962 2345 ἀποφαίνων
975 2295 1127 2334 habent.
1151 2294 1308 2333 SOLAN.

158 2350 241 2389 ibid.
255 2349 505 2402 Ἐκτρέιπεζον
518 2347 670 2400 ἄπονον)
684 2349 905 2400 Legendum
920 2348 1072 2388 videtur
1088 2348 1223 2387 ἄπονον
1236 2347 1372 2399 ἐκτρά-

105 2403 231 2454 πεζον.
243 2402 413 2443 GUYET.
429 2403 466 2443 Si
479 2403 543 2442 nou
557 2402 722 2441 additum
737 2401 897 2453 usquam
913 2400 1151 2449 inveniffem,
1167 2400 1369 2453 transpofi·

107 2457 254 2496 tionem
268 2455 428 2496 Gesneri
442 2456 558 2496 etiam
577 2456 615 2494 in
630 2466 777 2496 textum
792 2453 1022 2508 recepiffem.
1050 2455 1126 2493 Iam
1143 2467 1238 2493 vero
1253 2454 1294 2493 δι
1307 2454 1375 2493 ali-

110 2510 203 2564 quid
219 2509 352 2552 addere
363 2537 377 2560 ,
397 2507 705 2565 &transponere
715 2507 853 2560 simul,
873 2520 953 2549 non
963 2508 1046 2603 fugi
1060 2507 1173 2548 ausus
1182 2521 1201 2557 ᾗ
1218 2506 1279 2550 sed
1290 2506 1376 2549 satis

1052 2574 1078 2602 Π
1108 2575 1129 2615 3
