1764 3419
320 221 392 270 ΙΝ
424 223 727 270 SOMNIUM
761 221 878 269 SEU
914 222 1192 270 GALLUM.
1295 241 1383 291 599

128 308 319 361 φέρηται,
339 310 602 362 διασπώμενος
615 306 806 350 ὑπἀὐτῆς
825 306 888 348 οὐκ.
909 310 1112 362 &irrepsisti
1125 311 1204 351 τοῖς
1220 317 1386 365 πετομέ-

126 376 218 410 νοις,
231 363 318 402 ἀλλ’
340 364 530 416 ὀλίσθημα
551 365 675 412 ποιεῖ,
698 362 865 414 καθάπερ
886 363 1188 415 κενεμβατοῦσιν.
1216 368 1325 417 Εαψ
1340 371 1384 422 cst

125 416 245 467 ‘divisio
265 417 371 456 airis:
399 432 474 458 cum
491 418 574 457 enim
596 419 704 457 multa
721 418 755 455 δ’
776 418 865 455 elata
881 431 951 455 vox
966 417 1119 462 mittitur,
1142 419 1270 468 divisus
1284 424 1325 458 ab
1341 438 1380 462 ea

127 484 196 508 non
210 468 350 523 sustinet
367 472 530 520 volucres,
538 471 604 522 sed
604 471 696 522 facit
711 481 750 509 ut
768 471 922 509 decidant
931 497 944 517 ‚
957 481 995 508 ut
1001 469 1092 521 sblet
1102 471 1144 509 iis
1165 473 1288 510 evenire
1298 502 1311 518 ,
1324 477 1382 525 qui

126 521 165 560 ia
182 522 256 562 loca
271 538 382 563 vacua
397 525 554 569 veniunt,
574 525 637 563 ubi
656 524 803 563 nullum
817 523 868 563 est
882 523 1003 563 solum
1017 553 1026 569 ‚
1047 525 1107 563 cui
1121 523 1302 573 insistunt,
1317 528 1383 567 ubi

126 573 180 614 est
196 576 344 623 hiatus,
367 576 460 617 sicut
474 578 511 616 in
526 576 645 624 foffis,
668 578 707 617 &
721 578 853 628 puteis.
868 577 957 616 Non
972 589 1068 616 vero
1090 578 1130 616 in
1150 577 1257 617 scena
1271 579 1382 630 plana

123 627 211 667 illos
234 628 451 678 histriones,
472 631 517 670 de
545 631 682 683 quibus
706 631 891 681 loquitur,
914 630 1066 676 cadere,
1092 630 1152 670 sed
1176 632 1221 670 de
1245 633 1382 674 altiore

122 680 218 721 loco
239 682 276 721 in
301 683 540 723 humiliorem
565 684 605 723 &
629 683 912 735 depreffiorem,
944 683 1144 723 ostendunt
1168 685 1380 737 sequentia,

122 735 196 773 ubi
210 746 333 775 totum
348 750 489 790 corpus
511 738 619 790 gravi
643 738 795 776 illorum
821 736 1114 781 κενοβατοὺντων
1128 737 1231 789 lapsu
1251 739 1385 779 vulne-

122 789 224 834 rari,
243 789 285 829 &
302 790 438 829 violari
461 791 523 830 ait.
539 791 667 830 Huius
688 790 869 830 vocabuli
889 790 968 828 vim
994 803 1081 830 cum
1105 803 1180 830 non
1203 804 1380 843 caperent

121 839 251 890 scioli,
267 842 544 896 supposuerunt
555 844 687 882 notius
703 843 880 883 &tritius
896 843 1160 894 προσκρούσας.
1178 843 1299 885 ΡιιιΗῖε
1313 859 1380 885 ve-

122 907 172 934 ro
188 896 227 934 in
241 898 394 936 theatris
409 910 485 936 non
503 910 620 936 unum
637 899 781 946 locum,
802 897 864 936 ubi
878 896 1075 936 histriones
1088 909 1262 949 poterant
1276 912 1380 950 prae·

121 948 257 1001 cipites
274 949 403 990 cadere
425 951 461 989 in
475 949 654 990 inferiora
674 951 760 990 loca
772 981 783 998 ,
801 950 920 1002 liquet
933 962 1021 990 cum
1037 963 1083 989 ex
1101 951 1181 990 aliis
1198 952 1378 1004 antiquo·

119 1015 211 1041 rum
224 1003 316 1042 locis
328 1034 338 1049 ,
354 1014 438 1043 tum
453 1017 499 1043 ex
520 1004 684 1044 Pollucis
697 1004 759 1044 lib.
780 1003 852 1051 lv,
870 1016 953 1056 cap.
966 1016 1011 1055 ¹9
1022 1033 1034 1052 ‚
1049 1004 1114 1043 ubi
1129 1005 1206 1057 agit
1216 1005 1261 1044 de
1274 1008 1380 1045 thea-

122 1055 172 1094 tri
186 1057 366 1109 partibus.
382 1056 551 1098 GRAEv.

175 1111 248 1148 ead.
260 1111 282 1148 l.
304 1123 361 1162 13.
378 1109 481 1160 Αὗτῷ
492 1108 709 1160 &mirificavi
721 1109 738 1162 )
751 1112 797 1147 Tb
811 1107 875 1149 σὺν
890 1108 1068 1148 ἐλλείπει.
1084 1109 1153 1150 GU
1159 1122 1249 1150 YET.
1270 1111 1376 1151 Bene

118 1161 272 1213 Guyet.
292 1163 343 1202 ait
355 1164 418 1204 σὺν
430 1177 497 1218 per
509 1164 652 1216 ellipsin
671 1164 835 1215 intelligi.
849 1162 896 1201 Et
916 1162 1077 1202 vidimus
1092 1165 1193 1209 alibi,
1210 1176 1252 1204 ut
1268 1165 1380 1216 supra

126 1228 143 1255 1
165 1217 254 1255 Ver.
269 1217 363 1256 Hist.
379 1231 458 1270 cap.
472 1232 529 1271 33.
546 1218 680 1268 Neque
694 1218 727 1255 id
748 1217 809 1256 hic
831 1215 958 1255 rursus
976 1229 1171 1256 monerem
1186 1247 1197 1263 ‚
1211 1219 1306 1258 adeo
1322 1219 1375 1258 est

118 1269 302 1318 obvium,
322 1271 387 1310 nisi
400 1272 601 1318 incideret,
615 1270 854 1309 Perizonium
869 1269 915 1307 ad
927 1269 1073 1308 Aelian.
1095 1270 1134 1315 Ι,
1151 1283 1232 1323 cap.
1250 1285 1285 1322 3,
1298 1271 1377 1311 fru-

118 1322 194 1362 ssra
219 1323 282 1363 σὺν
306 1325 440 1364 addere
463 1325 615 1369 iubere,
633 1337 722 1363 cum
745 1323 846 1362 re&e
871 1323 908 1361 in
935 1322 1084 1362 Aeliani
1105 1334 1210 1363 textu
1241 1324 1282 1362 sit
1309 1339 1378 1363 κα,-

118 1376 275 1416 τοιπιεῖν
293 1376 407 1418 αὐτὸν
427 1373 528 1428 αὐτῷ
545 1377 598 1426 τῷ
617 1378 792 1428 καλάμῳ.
813 1375 936 1428 Ellipfi
956 1377 1108 1428 prorsus
1126 1379 1267 1417 eadem.
1283 1378 1375 1417 Tria

117 1428 248 1469 similia
262 1431 359 1470 dedit
372 1431 496 1484 Bergl.
511 1431 556 1470 ad
571 1431 741 1482 Alciphr.
755 1443 836 1482 pag.
858 1443 914 1468 12.
936 1430 1048 1469 Addo
1064 1431 1188 1482 igitur,
1202 1432 1317 1483 (qnia
1336 1433 1377 1471 &

116 1481 389 1538 spanhemium
403 1487 438 1524 in
452 1498 501 1525 eo
513 1484 648 1524 erraffe
662 1483 840 1523 observat
855 1481 934 1534 ille)
950 1496 998 1521 ex
1013 1483 1153 1522 Nostro
1163 1485 1209 1524 T.
1224 1485 1236 1523 l
1250 1515 1262 1532 ‚
1274 1485 1377 1525 Tim.

117 1536 139 1587 ᾗ
161 1551 207 1575 22
219 1568 230 1586 ‚
243 1536 508 1590 ἁρπασάμενός
518 1553 568 1588 με
583 1535 682 1587 αὐτῇ
698 1537 839 1584 ἓέλτῳ.
854 1536 969 1589 Soph.
985 1536 1046 1575 Ai.
1065 1538 1110 1590 56
1121 1568 1131 1584 ‚
1148 1538 1254 1577 Λείας
1266 1537 1376 1576 &ora-

114 1605 194 1630 σοις
207 1592 270 1635 καὶ
291 1593 630 1644 κατηναρισμένεις,
653 1587 781 1630 αὐτοῖς
795 1590 971 1640 ’ποιμνίων
987 1590 1236 1631 ἐπιστάταις.
1255 1592 1377 1631 Hom.

116 1643 160 1684 Il.
177 1649 210 1682 Θ
222 1674 235 1690 ,
255 1658 326 1694 24,
343 1644 443 1694 Αὖτῖι
465 1660 527 1684 κεν
551 1646 642 1699 ’γαίῃ
662 1644 896 1697 ἑρύσςιιμιμ-
912 1644 1064 1682 Arrian.
1080 1644 1138 1692 11,
1152 1658 1184 1684 c.
1204 1659 1223 1682 2
1240 1644 1263 1683 f.
1279 1645 1375 1684 ὀκτὼ

114 1697 184 1748 μὲν
200 1698 288 1737 ναῦς
304 1695 433 1739 αὐτοῖς
446 1698 625 1752 ἁνὸρέισιν
640 1699 764 1743 ἔλαβε.
781 1697 919 1736 Noster
931 1697 1057 1737 denuo
1072 1698 1165 1736 Icar.
1179 1711 1210 1737 c.
1229 1712 1292 1746 27,
1305 1713 1375 1736 κοι-

117 1754 208 1791 πνὸν
222 1747 319 1802 αὐτῇ
334 1752 473 1803 κνίσσῃ.
495 1753 541 1792 Et
563 1765 643 1804 cap.
661 1766 722 1803 33,
737 1750 1000 1803 ἐπιτρίψονται
1020 1748 1119 1799 αὐτῆ
1134 1750 1375 1801 διαλεκτικῇ.

116 1804 178 1845 Ne
192 1804 300 1858 plura
314 1807 389 1845 iam
404 1819 624 1860 congeram.
647 1806 746 1844 Nam
764 1805 827 1845 vel
842 1804 983 1844 centies
998 1805 1037 1843 in
1053 1805 1225 1844 Luciano
1238 1818 1377 1845 occur-

113 1858 178 1899 rit.
201 1859 344 1898 Rmrz.

169 1916 243 1951 ead.
264 1913 287 1951 l.
306 1912 505 1953 ι6.Ῥέικιοι
526 1911 724 1965 Marum)
748 1911 893 1964 Tangit
914 1910 1076 1951 scenicas
1096 1911 1219 1951 vestes
1243 1911 1375 1951 servo·
1432 1910 1441 1915 ⁴

115 1979 217 2006 rum,
241 1965 398 2019 Duplex
411 1967 524 2006 vestis
535 1968 573 2005 in
588 1966 697 2005 scena
707 1995 721 2011 ,
737 1966 944 2005 liberorum
960 1965 997 2003 &
1014 1964 1211 2004 fervorum
1221 1994 1234 2011 ,
1248 1976 1293 2003 ut
1309 1978 1377 2017 pa-

116 2030 171 2059 tet
186 2020 287 2073 apud
303 2020 330 2058 1.
345 2019 489 2060 Polluc.
504 2034 536 2060 c.
558 2034 620 2072 13,
637 2019 661 2057 l.
679 2033 715 2068 7.
731 2019 873 2058 Eorum
887 2049 899 2066 ‚
917 2019 981 2070 qui
1003 2018 1133 2058 servos
1155 2018 1349 2070 fingebant
1361 2047 1376 2065 ,

115 2072 240 2113 vestes
254 2074 445 2113 centuculi
457 2087 506 2113 ex
520 2073 688 2126 parvulis
701 2073 846 2124 pannis.
865 2071 924 2111 Sic
938 2086 972 2124 p.
990 2085 1088 2124 1029
1101 2101 1112 2117 ‚
1129 2072 1165 2111 αἱ
1186 2073 1374 2125 τραγικαὶ

115 2126 272 2167 ἐσθῆτες
297 2127 339 2166 ἐκ
358 2126 479 2180 ῥακῶν
499 2128 601 2167 πάνυ
623 2123 780 2166 εὐτελῶν
805 2127 1124 2178 συγκεκομμέναι.
1147 2126 1246 2165 Hinc
1259 2137 1376 2164 centu-

115 2181 228 2221 culum
241 2180 332 2219 mimi
345 2209 355 2226 ‚
374 2181 473 2233 apud
487 2181 605 2233 Apul.
629 2179 746 2231 Apol.
765 2192 796 2218 1.
817 2179 917 2217 Hinc
943 2178 1052 2217 iocus
1077 2178 1138 2217 ille
1157 2178 1374 2220 Plautinus:

113 2233 287 2285 ‘Consutus
305 2235 429 2274 tunicis
449 2235 515 2273 lzuc
532 2235 689 2278 advenio,
709 2249 777 2272 non
792 2232 891 2270 dolis.
905 2232 1078 2270 BOURD.

169 2289 249 2326 ibid.
261 2287 482 2338 Ἐμβέιὲων)
501 2287 559 2327 Ex
580 2286 696 2339 gloffa
713 2296 846 2325 natum
862 2284 1032 2335 κοθόρνων.
1048 2284 1239 2334 Ἐμβέιὸων
1264 2284 1377 2336 supra

116 2341 323 2381 habuimus
345 2341 431 2380 Iov.
445 2340 563 2392 Trag.
587 2353 669 2392 cap.
691 2354 736 2388 41
757 2353 806 2377 m.
830 2350 944 2391 atque
970 2339 1068 2378 alibi.
1085 2339 1168 2377 Vid.
1195 2338 1373 2377 Indicem.

116 2395 262 2435 Rmz.
279 2394 391 2434 Anne
404 2394 444 2434 &
455 2394 515 2433 hic
529 2393 702 2444 ἐμβάτων
717 2394 789 2444 leg.
803 2392 894 2445 quia
907 2393 952 2432 de
964 2393 1112 2445 tragicis
1124 2391 1273 2431 sermo?
1290 2391 1379 2431 Vid.

118 2448 376 2489 Adv.1nd0&.
388 2461 420 2487 c.
436 2448 472 2488 6.
489 2447 600 2486 IDEM
612 2447 648 2486 in
661 2448 818 2485 Addend.

174 2502 266 2555 Bag.
285 2515 372 2558 332.
389 2503 413 2544 l.
425 2500 571 2558 75⁶ss
583 2499 812 2556 κεφάλαιον)
835 2498 955 2554 Supra
971 2498 1079 2594 Nigr.
1094 2511 1128 2538 c.
1156 2511 1191 2546 1,
1211 2497 1245 2540 ἐν
1265 2510 1380 2548 neo&

1058 2566 1081 2607 P
1111 2567 1135 2603 4
