1764 3419
415 214 506 277 566
603 213 1478 262 ANNOTATIONES

410 300 528 340 habui
548 302 750 342 leffionem
773 304 828 342 Fl.
839 315 1026 342 revocare
1039 333 1051 350 ,
1074 299 1221 342 sensum
1241 303 1432 354 optimum
1449 301 1672 343 exhibentis.

409 353 603 408 Interpres
618 356 816 403 parisinae,
826 356 1029 396 intelleEtui
1041 354 1301 403 consulturus,
1314 358 1450 396 ἀπονον
1467 357 1673 397 reddiderat

404 407 542 460 salubre
558 410 593 448 δ’
605 410 768 461 parabile.
789 409 936 449 REITZ.

467 463 709 501 ibid.’‘Ac:r0vov
726 462 967 514 ἀποφαίνων)
984 461 1064 500 Diu
1081 460 1270 507 aestuavi,
1283 461 1375 513 quid
1395 461 1463 501 fibi
1481 461 1597 502 vellet
1612 463 1673 504 hic

411 517 458 555 ‘rb
474 516 620 561 εις-γονον.Δ
642 517 748 568 quod
763 528 826 562 eo,
841 528 922 567 quo
935 515 1136 565 lpeflatur,
1151 516 1240 554 loco
1257 515 1412 566 prorsus
1427 528 1507 554 non
1527 529 1674 556 conve-

411 570 467 607 nit
481 583 493 616 ·,
516 570 639 607 donec
653 569 802 606 tandem
816 581 865 607 ex
874 570 932 607 ed,
947 569 1178 615 Florentina‚
1193 581 1291 620 quae
1309 573 1376 607 nac
1393 581 1495 608 voce
1508 567 1672 609 omnino

412 633 531 666 caret,
546 622 677 663 didici,
704 633 789 660 eam
804 621 925 661 abesse
945 622 1081 661 debere
1098 623 1145 659 ab
1165 622 1361 668 hocloco,
1382 621 1421 660 &
1437 622 1536 661 haud
1560 623 1674 662 dubie

413 674 461 712 ab
472 673 745 714 somniantibus
756 676 817 713 vel
829 677 1045 726 typothetis
1057 676 1117 714 vel
1132 675 1291 714 librariis
1306 676 1530 714 inculcatam
1543 691 1555 724 3
1568 676 1675 727 quod

411 739 573 779 propter
593 727 811 767 affinitatem
832 729 1002 778 priorum
1021 729 1253 779 syllabarum
1270 730 1306 766 in
1325 729 1540 778 ἀποφαίνων
1561 728 1674 769 facile

410 782 541 832 potuit
555 782 790 833 contingere.
819 783 873 821 Ut
895 795 1015 821 meam
1041 783 1108 820 tibi
1133 794 1295 820 mentem
1313 782 1468 820 candide
1484 783 1647 835 aperiam
1663 812 1676 828 ‚

411 833 548 880 leam,
574 835 753 886 opinatus
766 847 867 874 etam
883 848 972 887 ego,
989 848 1058 887 pro
1071 851 1206 874 ewrovov
1220 836 1418 887 legendum
1434 834 1508 875 efle
1521 835 1678 888 ἀπόῥρη·

413 902 490 927 τον.
504 888 716 940 Ἀπόῥρητοι
730 887 862 928 scilicet
875 901 918 927 ea
935 890 1019 928 lunt
1029 919 1041 934 ‚
1057 901 1155 939 quae
1169 889 1360 941 religionis
1373 888 1484 928 causa
1500 890 1572 928 dici
1583 918 1595 934 ,
1610 890 1674 930 vel

413 940 496 979 sieri
511 940 595 980 sunt
618 953 744 981 vetita.
765 941 824 982 Sic
842 955 922 993 pag.
938 943 1009 994 seq.
1024 943 1173 982 eoldem
1190 942 1262 981 hos
1281 943 1462 991 κυάμους,
1474 941 1675 983 stedantur

413 994 462 1033 ab
476 1007 550 1033 ave
561 1024 573 1040 ,
590 1008 705 1035 vocat
719 995 854 1036 Gallus
866 994 930 1035 οὐκ.
945 997 1151 1047 ἀπόῤῥητον
1167 996 1311 1046 τροφήν.
1337 997 1398 1036 Sic
1414 993 1559 1046 οὐρανὸς
1571 997 1673 1050 apud

413 1047 596 1087 Nostrum
613 1049 658 1088 de
671 1047 869 1089 sacrificiis
884 1062 916 1089 c.
932 1064 956 1103 9
967 1049 990 1088 f.
1007 1051 1142 1089 dicitur
1154 1050 1299 1093 αβοιτος
1316 1050 1380 1088 καὶ
1394 1049 1604 1100 ὰπόῥρητος
1616 1049 1673 1099 τᾷ

412 1101 558 1141 θνητῶν
568 1104 687 1156 γένει.
702 1103 891 1142 Nimirum
905 1117 986 1143 vox
1001 1103 1205 1155 ἀπὸῤῥητος
1228 1104 1381 1155 propria
1399 1102 1470 1142 fuit
1489 1104 1534 1142 de
1551 1104 1593 1143 iis
1616 1102 1673 1142 sa-

412 1155 501 1201 cris,
516 1169 614 1207 quae
627 1168 733 1194 erant
747 1160 935 1206 μυστκᾰ,
955 1158 990 1196 δι
1009 1157 1131 1209 vulgo
1143 1156 1333 1195 enuntiari
1347 1158 1476 1196 vetita.
1489 1155 1549 1196 Sic
1563 1168 1674 1196 τελε-

412 1208 482 1246 ταὶ
503 1208 704 1261 ἀπόῤῥητοι
725 1211 823 1261 apud
845 1211 1027 1249 Nostrum
1049 1211 1087 1248 in
1110 1211 1320 1248 Amoribus
1339 1223 1458 1259 c.42‚
1477 1209 1676 1264 διέξοιγο-

414 1260 526 1314 ρεὺειν
540 1262 738 1314 ἀπὸῤῥητοι
759 1263 996 1310 dicebantur,
1017 1265 1084 1316 qui
1098 1264 1200 1302 sacra
1213 1262 1400 1303 Eleusinia
1419 1265 1684 1304 enuntiabant.-

416 1315 517 1354 Vide
528 1316 708 1356 Nostrum
727 1319 763 1356 in
782 1318 923 1357 ReviV.
935 1331 966 1357 c.
985 1333 1043 1371 33.
1066 1317 1157 1363 Sed,
1175 1328 1215 1356 ut
1231 1329 1317 1357 ante
1329 1318 1432 1365 dixi,
1449 1330 1527 1357 non
1541 1318 1677 1370 liquet,

413 1368 481 1408 vel
499 1368 618 1422 ipsum
643 1367 796 1417 ἄπονον,
816 1373 877 1410 vel
899 1385 969 1422 pro
986 1384 1034 1411 eo
1048 1372 1308 1423 quodcunque
1327 1372 1429 1410 aliud
1443 1372 1491 1410 ab
1503 1372 1673 1411 Luciano

413 1422 632 1473 profeeium
650 1423 744 1462 effe:
766 1437 884 1476 quare
899 1424 1056 1464 furcillis
1068 1426 1239 1476 exigatur
1255 1437 1299 1463 ea
1315 1438 1408 1464 vox.
1429 1425 1535 1464 IENs.
1561 1424 1675 1465 Duas

413 1476 544 1515 habeo
559 1477 605 1515 de
619 1477 694 1516 hoc
710 1478 799 1517 loco
813 1478 1075 1518 coniefluras:
1100 1491 1229 1523 unam,
1249 1490 1289 1517 ut
1306 1479 1441 1517 ἄπονον
1457 1478 1676 1530 transpona-

413 1542 520 1577 muS‚
542 1529 585 1569 δε
603 1531 817 1570 adiiciamus
833 1533 1013 1584 copulam
1025 1562 1037 1578 ‚
1054 1532 1128 1571 hoc
1153 1532 1270 1571 modo
1283 1563 1294 1579 ‚
1319 1529 1470 1571 {ism-mv
1485 1532 1563 1582 ἐμοὶ
1581 1530 1674 1587 γοῦν

414 1581 510 1632 ’ὄψον
531 1584 596 1623 καὶ
621 1583 773 1630 amyota,
793 1599 843 1624 eo
867 1586 996 1631 sensu,
1019 1598 1134 1637 quem
1159 1585 1195 1623 in
1219 1586 1528 1638 interpretatione
1548 1586 1672 1638 posui.

410 1631 566 1676 '‘Awovov
575 1649 678 1677 certe
692 1638 767 1678 hoc
777 1638 985 1692 significare
998 1638 1113 1690 poste,
1125 1651 1240 1678 nemo
1255 1638 1364 1678 facile
1378 1640 1589 1691 negaverit:
1608 1652 1676 1679 ve-

413 1702 552 1728 rumne
567 1690 633 1730 fit?
651 1691 723 1730 alia
734 1693 907 1744 quaestio
919 1693 971 1732 est
983 1706 992 1732 ;
1006 1692 1066 1732 sed
1082 1694 1125 1731 ad
1139 1692 1304 1731 nostram
1317 1706 1397 1731 rem
1412 1692 1499 1732 satis
1512 1693 1579 1741 est,
1592 1705 1675 1733 mo·

414 1743 465 1782 do
481 1742 589 1784 sutor
609 1745 660 1784 ita
684 1748 889 1798 putaverit.
918 1746 1035 1789 Certe
1058 1747 1188 1784 alvum
1211 1746 1320 1786 facile
1335 1745 1490 1786 tranfire
1511 1746 1673 1797 κύαμον,

414 1797 525 1835 etiam
541 1798 592 1837 illi
605 1812 684 1838 non
702 1811 856 1853 negant,
876 1802 941 1853 qui
959 1801 1198 1840 flatulentum
1212 1799 1284 1839 esse
1299 1801 1417 1838 aiunt.
1433 1800 1567 1839 Altera
1577 1813 1674 1840 con-

411 1849 557 1890 inaura
572 1853 701 1893 nostra
714 1855 766 1892 est
777 1884 790 1899 ,
803 1867 851 1893 an
871 1854 969 1894 forte
987 1855 1186 1907 legendum
1204 1855 1246 1892 lit
1260 1860 1418 1899 avrcovov,
1433 1867 1510 1906 qua
1525 1855 1673 1894 ratione

413 1901 543 1943 locum
556 1904 706 1945 servare
722 1907 841 1958 poffet
853 1907 976 1956 suum,
988 1908 1029 1947 δι
1047 1908 1150 1959 iungi
1165 1921 1250 1947 cum
1267 1907 1507 1960 ἐκτράπεζον.
1522 1908 1672 1960 Nempe

412 1959 561 1998 ἰιπωνον
583 1959 793 2012 significare
809 1973 904 2014 puto
924 1963 1159 2001 contrarium
1184 1963 1352 2000 nominis
1371 1959 1511 2000 εὔτονος·
1537 1974 1673 2013 quem-

411 2012 619 2052 admodum
636 2014 711 2053 hoc
726 2015 881 2054 denotat
903 2015 1011 2055 facile
1025 2027 1127 2055 emtu
1140 2044 1150 2061 ‚
1167 2015 1352 2067 parabile,
1369 2015 1467 2062 vile;
1489 2014 1538 2054 ita
1554 2017 1672 2055 οιπω-

411 2079 467 2105 νον
484 2064 621 2112 fuerit,
640 2069 744 2120 quod
764 2081 842 2108 non
859 2070 999 2121 prostat
1020 2069 1176 2116 venale,
1201 2080 1270 2106 nec
1291 2068 1449 2120 proinde
1468 2069 1543 2107 emi
1564 2068 1673 2109 facile

411 2119 547 2171 potest.
571 2119 643 2161 Sed
663 2122 884 2162 comestura
907 2134 1069 2176 utraque
1092 2122 1164 2163 est:
1188 2134 1263 2174 qua
1279 2122 1413 2161 melius
1431 2122 1523 2175 quid
1541 2121 1672 2163 afferri

407 2185 519 2226 opto.
545 2174 670 2215 Grsn.

465 2232 539 2268 ead.
554 2229 578 2266 l.
599 2242 609 2265 t
623 2243 653 2279 5.
670 2228 864 2281 Εὔφορβος)
877 2229 1025 2268 Nobilis
1039 2229 1245 2277 Troianus,
1255 2228 1373 2269 Iliaco
1388 2229 1425 2268 in
1440 2228 1542 2269 bello
1555 2229 1671 2269 aMe-

411 2281 525 2324 nelao
538 2282 702 2329 occisus,
720 2284 827 2322 cuius
842 2285 1007 2322 animam
1025 2283 1261 2335 Pythagoras
1277 2284 1314 2322 in
1328 2282 1364 2322 se
1377 2282 1601 2335 immigrasse
1612 2282 1670 2323 af-

411 2334 599 2375 firmabat.
616 2335 735 2376 Ovid.
748 2337 789 2377 L.
804 2338 876 2376 XV
895 2338 1052 2376 Metam.
1063 2337 1208 2376 COGN.
1229 2337 1318 2377 Non
1332 2336 1432 2376 solus
1443 2336 1518 2376 hoc
1532 2336 1668 2377 Lucia-

409 2401 485 2429 nus
500 2390 657 2431 tradidit.
673 2391 750 2430 Res
760 2391 812 2430 est
823 2391 1001 2431 omnibus
1009 2403 1057 2430 ex
1066 2389 1212 2430 Ovidio
1227 2391 1380 2442 aliist1ue
1392 2401 1494 2429 nota.
1507 2390 1665 2431 SOLAN.

465 2445 501 2482 in
516 2444 629 2483 schol.
644 2447 705 2485 col.
729 2445 797 2484 μί.
821 2459 851 2484 1.
877 2445 948 2484 Κοιί
962 2444 1031 2497 τι)
1055 2444 1251 2496 Corrupta
1268 2444 1371 2484 haec.
1397 2444 1498 2497 Lege
1518 2443 1582 2484 ὅτε
1595 2457 1667 2496 pro

407 2497 478 2540 ιοιί
486 2511 540 2541 τι.
555 2497 713 2541 SOLAN.
734 2498 805 2541 Καί
822 2513 880 2541 τοι
903 2498 1042 2543 refflus
1055 2499 1147 2554 legit
1164 2498 1236 2540 1.1.
1250 2497 1499 2540 Wetstenius.
1515 2497 1664 2542 Rurz..
