1764 3419
418 239 514 304 3&
614 229 1488 283 ANNOTATtoNEs

419 324 482 364 alii
500 323 548 364 ab
569 321 700 377 ἔργον,
713 321 819 376 quod
839 320 892 361 est
908 319 1040 360 velox.
1065 319 1181 360 Faaa
1197 320 1252 361 est
1267 329 1317 360 ex
1331 321 1531 362 arboribus
1545 319 1688 363 Dodo:

414 389 491 417 nae
502 377 617 417 silvae
628 378 729 430 Epiri
741 376 831 416 lovi
843 374 982 420 sacrae,
994 373 1132 426 quibus
1143 374 1235 413 olim
1244 374 1399 415 oracula
1414 376 1681 415 reddebantur:

418 431 520 471 unde
543 434 680 484 poetae
703 429 900 469 finxerunt
911 457 923 476 ,
948 427 1045 466 hanc
1060 439 1199 467 navem
1222 427 1328 468 fuiffe
1343 428 1534 469 vocalem.
1551 428 1685 482 Apoll.

419 484 463 524 L.
481 484 535 523 IV
557 485 708 536 Argon.
729 482 876 520 Cocn.

474 541 548 576 ead.
563 539 586 575 l.
601 551 638 586 7.
655 535 798 588 Φηγις)
811 532 969 573 Vocalis
981 533 1074 572 haec
1087 532 1202 572 arbor
1217 545 1500 586 nonnunquam
1511 533 1599 586 ἒρῦς
1613 547 1689 575 vo·

417 604 542 635 catur,
563 600 839 639 nonnunquam
852 588 990 639 φηγός.
1012 587 1094 626 Nec
1109 587 1144 625 id
1161 587 1321 627 mirum:
1350 587 1489 640 species
1499 589 1600 628 enim
1616 588 1686 629 τῆς

421 645 529 695 δρυὸς
543 640 560 682 ἦ
575 646 715 695 φηγὸς,
729 641 756 679 si
773 640 977 680 Pausaniae
991 640 1200 679 credamus.
1223 640 1281 680 Sic
1295 641 1396 679 enim
1409 641 1472 681 ille
1491 641 1529 680 in
1542 641 1686 682 Arcad-

418 695 610 748 Ἀρκάδων
624 695 661 734 <5⁰
676 695 712 734 ἐν
724 693 804 734 τοῖς
817 692 968 745 ὃρυμοῖς
986 693 1081 732 εἰσιν
1100 692 1142 732 αἱ
1156 693 1248 744 δρῦς
1259 693 1446 745 διάφοροι,
1459 695 1523 733 καὶ
1536 697 1608 734 τὰς
1616 695 1687 745 μὲν

418 747 714 797 πλατυφύλλους
726 743 865 795 αὐτῶν,
874 750 948 787 τὰς
960 745 1004 786 δὲ
1013 746 1159 799 φηγοὺς
1167 745 1337 787 καλοῦσι.
1348 747 1561 801 Sophocles
1571 749 1688 788 etiam

413 802 538 854 fhgum
549 815 596 854 ap
626 802 728 848 ellat,
739 801 881 841 Trach.
899 813 968 849 175
982 813 994 847 ;
1008 799 1120 840 versu
1135 813 1262 839 autem
1284 814 1298 839 ι
1311 812 1399 853 175,
1414 800 1517 854 ὃρῦν.
1533 801 1658 841 LEED.

475 856 555 894 ibid.
569 854 800 908 Αυτὸφωνος)
823 853 935 906 Quid
948 853 1022 893 hoc
1035 853 1078 892 sit
1089 883 1101 900 ‚
1121 853 1161 892 ἃ
1177 854 1333 905 quando
1348 855 1506 895 oracula
1517 855 1587 895 dici
1597 867 1689 896 coe-

421 910 549 964 perint
562 906 780 956 αὐτόφωνοι,
803 921 853 947 ex
869 905 1013 947 Nostro
1029 906 1147 947 discas
1165 907 1288 960 Ἀλεξ.
1306 919 1388 960 cap.
1401 909 1473 949 26:
1500 909 1569 949 vix
1582 909 1687 949 enim

422 964 524 1017 apud
538 963 652 1002 alium
666 961 849 1001 invenies.
876 961 1036 1000 SOLAN.

358 1061 371 1066 ,
479 1018 552 1055 ead.
563 1016 587 1055 l.
600 1015 638 1055 8.
654 1015 690 1054 Εἰ
703 1015 839 1067 βύρσας
850 1010 950 1054 aises
958 1012 1140 1066 ἑρπούσας
1152 1013 1247 1066 &c.)
1262 1013 1367 1053 Nihil
1380 1013 1425 1054 ad
1439 1014 1541 1055 hunc
1557 1014 1689 1056 locum

424 1069 529 1112 Gilb.
541 1069 742 1121 Cognatas
754 1078 1053 1113 commentatur,
1065 1068 1132 1121 qui
1140 1078 1269 1106 tamen
1279 1067 1325 1107 de
1335 1067 1464 1121 Argus
1477 1069 1586 1109 navis
1598 1070 1690 1109 cari-

423 1136 474 1163 na
484 1124 522 1163 &
537 1122 731 1162 Dodonae
745 1134 892 1175 quercu
905 1119 991 1160 satis
1003 1121 1136 1167 multa,
1148 1133 1247 1173 quae
1267 1131 1393 1161 tamen
1405 1122 1586 1162 omnibus
1597 1134 1690 1162 nota

425 1176 523 1217 sunt.
550 1176 643 1216 Non
657 1176 763 1215 venit
778 1175 830 1214 illi
847 1175 887 1214 in
907 1185 1072 1214 mentem
1091 1174 1201 1214 locus
1215 1175 1376 1214 Homeri
1387 1203 1399 1221 ‚
1419 1176 1467 1214 ad
1481 1189 1596 1229 quem
1611 1176 1690 1216 hoc

424 1231 518 1271 loco
530 1229 650 1270 allusit
663 1230 875 1276 Lucianus,
894 1227 1032 1280 Odyff.
1047 1231 1106 1267 M:
1127 1227 1247 1267 Τοῖα-ιν
1264 1227 1302 1267 δ”
1316 1226 1444 1267 αὐτίκ’
1462 1228 1600 1269 ἔπειτα
1613 1231 1691 1270 θεοὶ

422 1286 573 1335 τέρατα.
591 1283 827 1335 προῦφαινον,
841 1278 970 1334 Εἶρπον
979 1282 1047 1333 μὲν
1057 1281 1159 1333 siivas,
1177 1284 1262 1333 κρέα
1275 1280 1312 1320 θ’
1328 1282 1424 1331 ἀμφ’
1445 1283 1585 1328 ὀβελοῖς
1599 1284 1690 1334 ἐμε-

422 1339 550 1389 μύκει,
569 1338 771 1376 Ὀπτοιλέοι
789 1350 834 1375 τε
848 1336 911 1374 καὶ
927 1334 1022 1385 ὦμέι.
1038 1334 1127 1380 βοῶν
1145 1334 1184 1374 δ’
1196 1334 1242 1374 ὣς
1295 1334 1389 1375 ι’νετο
1401 1334 1514 1386 φωνή.
1540 1337 1585 1376 Id
1599 1351 1690 1391 por·

422 1402 573 1431 tentum
589 1403 726 1442 nempe
748 1389 893 1429 faEtum
912 1389 986 1436 est,
1010 1387 1165 1440 quando
1177 1388 1257 1441 Uly
1289 1401 1321 1428 is
1342 1388 1435 1430 socii
1450 1389 1548 1430 fame
1565 1391 1690 1431 coacti

423 1445 515 1485 solis
529 1445 652 1483 boves
665 1443 894 1483 mactavere.
916 1442 1050 1482 PALM.
1074 1442 1234 1481 Homer.
1253 1441 1327 1482 Od.
1344 1447 1396 1488 M,
1412 1456 1501 1508 395;
1525 1443 1684 1484 SOLAN.

479 1500 553 1536 ead.
568 1498 593 1535 l.
611 1511 625 1535 1
636 1512 670 1550 3.
682 1492 970 1548 Ἐχεμυθήσειν)
986 1495 1152 1547 Alciphr.
1163 1495 1232 1541 111,
1246 1509 1284 1547 p.
1297 1496 1466 1545 406,-r;nv
1481 1498 1688 1551 εχεμυθίοιν
1763 1488 1764 1500 ¹

423 1547 699 1601 ὑποσημαίνων,
701 1551 875 1602 filemium
894 1549 1195 1602 Pythagoricum
1201 1549 1436 1600 subindicans.
1459 1551 1602 1592 Noster
1614 1552 1690 1594 Le·

424 1605 579 1658 xiphan.
597 1617 631 1644 c.
646 1618 682 1657 9.
707 1604 852 1644 Rmz.

482 1659 570 1710 Pag.
597 1671 683 1710 292.
707 1659 730 1697 l.
756 1670 815 1698 10.
834 1654 1159 1708 Παραὲοξὸτειτόν
1185 1671 1243 1697 σοι
1266 1657 1381 1711 λόγον
1406 1656 1464 1697 ’ότι
1487 1658 1620 1712 λέγω)
1642 1659 1688 1699 In

425 1712 530 1752 Flor.
543 1710 642 1752 Cod.
658 1711 759 1752 deest
772 1710 898 1765 λόγον.
919 1709 992 1750 Sed
1010 1709 1192 1750 similibus
1205 1711 1525 1764 originationibus
1547 1712 1688 1766 gaude-

424 1779 467 1806 re
480 1766 694 1805 Lucianum
707 1765 817 1818 supra
831 1764 977 1804 monui.
994 1764 1168 1804 Bomio.
1193 1764 1281 1804 Vid.
1295 1765 1340 1805 de
1353 1766 1408 1805 bis
1428 1778 1688 1819 cognatorum

425 1819 641 1860 verborum
657 1819 915 1859 additionibus
927 1816 1021 1857 lens.
1034 1819 1080 1858 ad
1093 1818 1180 1857 Iov.
1195 1817 1310 1858 Conf.
1326 1819 1392 1859 ubi
1413 1822 1579 1870 πομπὰς
1590 1821 1689 1872 πέμ-

398 1894 403 1898 ·
425 1888 525 1921 πειν,
543 1873 584 1913 δι
598 1872 772 1913 sexcenta
789 1872 933 1912 similia.
955 1871 1093 1925 Quare
1112 1871 1154 1912 &
1166 1872 1226 1912 hic
1244 1871 1356 1926 λόγον
1373 1885 1460 1914 ante
1480 1874 1584 1928 λέγω
1607 1887 1689 1915 non

425 1928 539 1969 eiicio
549 1939 640 1967 cum
653 1927 709 1966 Fl.
729 1927 879 1967 Rmz.

483 1981 573 2032 Pag.
592 1986 681 2034 2'93.
699 1981 723 2019 l.
745 1994 757 2019 ι
793 2013 800 2021 .
819 1978 1103 2032 Μεμηχέινητο)
1125 1978 1357 2021 Correxerat
1371 1979 1690 2037 5013η.ἑμεμηχ.”

424 2033 498 2075 Sed
515 2035 608 2073 nihil
621 2047 720 2086 opus
737 2047 759 2074 e
790 2047 811 2074 e
832 2045 1040 2086 augmento
1060 2033 1206 2082 addito,
1229 2032 1356 2074 saltem
1373 2034 1412 2073 in
1434 2034 1580 2075 histem
1612 2038 1693 2076 ori-

426 2088 514 2133 bus,
527 2088 613 2140 plus
624 2087 708 2127 satis
721 2088 956 2128 inculcatum
968 2087 1014 2126 ad
1024 2087 1136 2128 Alex.
1150 2101 1184 2128 c.
1197 2102 1261 2135 22,
1275 2101 1348 2140 pro
1358 2086 1476 2141 Imag.
1490 2101 1523 2129 c.
1539 2103 1557 2142 3
1627 2103 1690 2143 19,

427 2141 471 2182 &
488 2155 503 2180 1
519 2143 612 2180 Ver.
626 2141 723 2181 Hist.
738 2154 773 2182 c.
797 2155 838 2190 ¹3
851 2171 862 2186 ,
887 2141 952 2180 ubi
971 2141 1237 2194 exemplorum
1259 2142 1342 2182 dedi
1364 2140 1529 2191 affatim;
1549 2143 1692 2196 quaest

424 2207 508 2234 non
521 2194 716 2241 sufficiant,
732 2195 824 2234 adde
835 2194 992 2235 Weffel.
1005 2196 1050 2235 ad
1066 2195 1264 2236 Diod.Sic.
1275 2196 1317 2235 L.
1334 2209 1371 2243 2,
1384 2208 1468 2249 cap.
1478 2195 1517 2245 8,
1534 2196 1610 2236 ΝΟ.
1621 2196 1688 2250 63,

422 2249 492 2301 qui
512 2249 713 2289 duodecim
735 2249 847 2288 etiam
871 2248 1084 2288 testimonia
1109 2249 1266 2302 negleffi
1288 2249 1483 2302 augmenti
1503 2248 1691 2298 afferens,

425 2303 474 2341 ad
488 2301 730 2355 lungerman.
745 2315 789 2342 ac
802 2302 1007 2342 Dukerum
1028 2303 1196 2343 remittit.
1220 2303 1443 2356 Quomodo
1455 2302 1552 2343 Cod.
1569 2304 1611 2344 L.
1625 2305 1687 2344 hic

424 2355 575 2401 habeat,
589 2369 667 2396 non
683 2355 768 2396 satis
785 2355 960 2410 assequor
971 2369 1018 2396 ex
1031 2357 1282 2397 annotatione
1296 2356 1459 2397 eiusdem
1474 2356 1603 2397 Solani
1614 2387 1628 2404 ‚
1645 2359 1687 2398 in

423 2408 606 2449 inferiore
628 2422 747 2463 marg.
768 2411 924 2449 luminae
946 2409 997 2450 fic
1019 2410 1226 2463 adscripta:
1248 2411 1396 2462 ἑμεμ-
1411 2411 1453 2451 L.
1468 2410 1688 2455 ἐπεποίητο.

425 2461 528 2502 Nam
553 2475 703 2516 praeter
728 2463 1040 2504 consuetudinem
1060 2463 1112 2504 fic
1136 2466 1211 2504 iam
1233 2465 1383 2504 literam
1409 2463 1567 2506 Codicis
1590 2465 1689 2506 inter

419 2515 505 2558 duo
520 2517 638 2559 verba
651 2517 789 2558 inserit.
804 2517 974 2568 Interim,
986 2530 1077 2559 eum
1089 2519 1253 2560 omnino
1268 2517 1430 2561 voluiffe
1443 2518 1688 2573 ἔμψυχά-νο·
