<?xml version="1.0" encoding="UTF-8"?>
<!DOCTYPE html PUBLIC "-//W3C//DTD XHTML 1.0 Transitional//EN"
    "http://www.w3.org/TR/xhtml1/DTD/xhtml1-transitional.dtd">
<html xmlns="http://www.w3.org/1999/xhtml" xml:lang="en" lang="en">
 <head>
  <title>
</title>
<meta http-equiv="Content-Type" content="text/html;charset=utf-8" />
  <meta name='ocr-system' content='tesseract 3.04.00' />
  <meta name='ocr-capabilities' content='ocr_page ocr_carea ocr_par ocr_line ocrx_word'/>
</head>
<body>
  <div class='ocr_page' id='page_1' title='image "./operagraeceetlat06luciuoft/operagraeceetlat06luciuoft_0599.png"; bbox 0 0 1764 3419; ppageno 0'>
   <div class='ocr_carea' id='block_1_1' title="bbox 275 254 1322 324">
    <p class='ocr_par' dir='ltr' id='par_1_1' title="bbox 275 254 1322 324">
     <span class='ocr_line' id='line_1_1' title="bbox 275 254 1322 324; baseline 0.008 -24"><span class='ocrx_word' id='word_1_1' title='bbox 275 256 341 300; x_wconf 87' lang='lat' dir='ltr'>IN</span> <span class='ocrx_word' id='word_1_2' title='bbox 376 255 676 301; x_wconf 75' lang='lat' dir='ltr'>SOMNIUM</span> <span class='ocrx_word' id='word_1_3' title='bbox 709 254 822 300; x_wconf 89' lang='lat' dir='ltr'>SEU</span> <span class='ocrx_word' id='word_1_4' title='bbox 857 254 1144 302; x_wconf 85' lang='lat' dir='ltr'>GALLUM.-</span> <span class='ocrx_word' id='word_1_5' title='bbox 1242 261 1322 324; x_wconf 82' lang='lat'>585</span> 
     </span>
    </p>
   </div>
   <div class='ocr_carea' id='block_1_2' title="bbox 61 340 1342 2589">
    <p class='ocr_par' dir='ltr' id='par_1_2' title="bbox 61 340 1336 926">
     <span class='ocr_line' id='line_1_2' title="bbox 79 340 1334 394; baseline 0.004 -13"><span class='ocrx_word' id='word_1_6' title='bbox 79 354 193 394; x_wconf 87' lang='lat' dir='ltr'>quam</span> <span class='ocrx_word' id='word_1_7' title='bbox 211 342 334 382; x_wconf 88' lang='lat' dir='ltr'>adhuc</span> <span class='ocrx_word' id='word_1_8' title='bbox 348 341 489 381; x_wconf 61' lang='lat' dir='ltr'>factum</span> <span class='ocrx_word' id='word_1_9' title='bbox 503 369 512 387; x_wconf 91' lang='lat'>‚</span> <span class='ocrx_word' id='word_1_10' title='bbox 538 353 602 380; x_wconf 90' lang='lat' dir='ltr'>aut</span> <span class='ocrx_word' id='word_1_11' title='bbox 626 340 807 381; x_wconf 86' lang='lat' dir='ltr'>leviffima</span> <span class='ocrx_word' id='word_1_12' title='bbox 830 340 1121 394; x_wconf 74' lang='lat' dir='ltr'>transpositione</span> <span class='ocrx_word' id='word_1_13' title='bbox 1137 344 1334 394; x_wconf 78' lang='lat' dir='ltr'>inventur,</span> 
     </span>
     <span class='ocr_line' id='line_1_3' title="bbox 82 393 1332 447; baseline 0.004 -14"><span class='ocrx_word' id='word_1_14' title='bbox 82 396 127 433; x_wconf 85' lang='lat' dir='ltr'>ad</span> <span class='ocrx_word' id='word_1_15' title='bbox 144 409 258 447; x_wconf 85' lang='lat' dir='ltr'>quam</span> <span class='ocrx_word' id='word_1_16' title='bbox 275 395 431 439; x_wconf 84' lang='lat' dir='ltr'>Gesneri</span> <span class='ocrx_word' id='word_1_17' title='bbox 455 393 581 434; x_wconf 82' lang='lat' dir='ltr'>verfio</span> <span class='ocrx_word' id='word_1_18' title='bbox 600 407 762 447; x_wconf 88' lang='lat' dir='ltr'>pronum</span> <span class='ocrx_word' id='word_1_19' title='bbox 784 395 852 434; x_wconf 92' lang='lat' dir='ltr'>iter</span> <span class='ocrx_word' id='word_1_20' title='bbox 865 395 1059 434; x_wconf 86' lang='lat' dir='ltr'>monstrat.</span> <span class='ocrx_word' id='word_1_21' title='bbox 1084 396 1206 447; x_wconf 87' lang='lat' dir='ltr'>Quod</span> <span class='ocrx_word' id='word_1_22' title='bbox 1229 401 1332 439; x_wconf 89' lang='lat' dir='ltr'>enim</span> 
     </span>
     <span class='ocr_line' id='line_1_4' title="bbox 82 447 1332 501; baseline 0.002 -14"><span class='ocrx_word' id='word_1_23' title='bbox 82 447 270 488; x_wconf 79' lang='lat' dir='ltr'>Graevius</span> <span class='ocrx_word' id='word_1_24' title='bbox 279 449 438 501; x_wconf 77' lang='grc' dir='ltr'><em>φέροντα.</em></span> <span class='ocrx_word' id='word_1_25' title='bbox 450 449 600 500; x_wconf 79' lang='lat' dir='ltr'>ingerit,</span> <span class='ocrx_word' id='word_1_26' title='bbox 614 448 876 494; x_wconf 81' lang='lat' dir='ltr'>concederem,</span> <span class='ocrx_word' id='word_1_27' title='bbox 890 448 917 487; x_wconf 78' lang='lat' dir='ltr'>si</span> <span class='ocrx_word' id='word_1_28' title='bbox 932 449 1040 500; x_wconf 90' lang='lat' dir='ltr'>plane</span> <span class='ocrx_word' id='word_1_29' title='bbox 1052 462 1149 501; x_wconf 89' lang='lat' dir='ltr'>opus</span> <span class='ocrx_word' id='word_1_30' title='bbox 1164 450 1265 498; x_wconf 79' lang='lat' dir='ltr'>effer,</span> <span class='ocrx_word' id='word_1_31' title='bbox 1277 453 1332 501; x_wconf 69' lang='grc' dir='ltr'>δι,</span> 
     </span>
     <span class='ocr_line' id='line_1_5' title="bbox 78 499 1330 553; baseline 0.003 -14"><span class='ocrx_word' id='word_1_32' title='bbox 78 499 107 539; x_wconf 86' lang='lat' dir='ltr'><strong>fi</strong></span> <span class='ocrx_word' id='word_1_33' title='bbox 122 503 236 553; x_wconf 80' lang='grc' dir='ltr'><em>φέρων</em></span> <span class='ocrx_word' id='word_1_34' title='bbox 252 501 412 549; x_wconf 72' lang='lat' dir='ltr'>dixisset,</span> <span class='ocrx_word' id='word_1_35' title='bbox 430 503 525 541; x_wconf 90' lang='lat' dir='ltr'>bene</span> <span class='ocrx_word' id='word_1_36' title='bbox 547 502 715 547; x_wconf 87' lang='lat' dir='ltr'>haberet,</span> <span class='ocrx_word' id='word_1_37' title='bbox 737 502 850 553; x_wconf 88' lang='lat' dir='ltr'>idque</span> <span class='ocrx_word' id='word_1_38' title='bbox 864 502 1001 548; x_wconf 88' lang='lat' dir='ltr'>voluit,</span> <span class='ocrx_word' id='word_1_39' title='bbox 1025 504 1154 548; x_wconf 89' lang='lat' dir='ltr'>credo,</span> <span class='ocrx_word' id='word_1_40' title='bbox 1177 503 1235 542; x_wconf 89' lang='lat' dir='ltr'>sed</span> <span class='ocrx_word' id='word_1_41' title='bbox 1250 517 1330 544; x_wconf 89' lang='lat' dir='ltr'>non</span> 
     </span>
     <span class='ocr_line' id='line_1_6' title="bbox 61 554 1332 609; baseline 0.004 -17"><span class='ocrx_word' id='word_1_42' title='bbox 61 556 236 594; x_wconf 87' lang='lat' dir='ltr'>·attendit</span> <span class='ocrx_word' id='word_1_43' title='bbox 249 556 294 594; x_wconf 81' lang='lat' dir='ltr'>ad</span> <span class='ocrx_word' id='word_1_44' title='bbox 315 554 530 607; x_wconf 87' lang='lat' dir='ltr'>sequentem</span> <span class='ocrx_word' id='word_1_45' title='bbox 546 555 726 593; x_wconf 86' lang='lat' dir='ltr'>nominat.</span> <span class='ocrx_word' id='word_1_46' title='bbox 753 555 1072 604; x_wconf 73' lang='grc' dir='ltr'><em>ἐπισιτισάμενος.</em></span> <span class='ocrx_word' id='word_1_47' title='bbox 1095 555 1208 596; x_wconf 88' lang='lat' dir='ltr'>Conf.</span> <span class='ocrx_word' id='word_1_48' title='bbox 1231 557 1332 609; x_wconf 88' lang='lat' dir='ltr'>supr.</span> 
     </span>
     <span class='ocr_line' id='line_1_7' title="bbox 79 606 1334 662; baseline 0.003 -16"><span class='ocrx_word' id='word_1_49' title='bbox 79 608 192 646; x_wconf 82' lang='lat' dir='ltr'>Alex.</span> <span class='ocrx_word' id='word_1_50' title='bbox 208 621 238 647; x_wconf 92' lang='lat' dir='ltr'>c.</span> <span class='ocrx_word' id='word_1_51' title='bbox 256 610 292 656; x_wconf 88' lang='lat'>6,</span> <span class='ocrx_word' id='word_1_52' title='bbox 311 607 580 647; x_wconf 70' lang='grc' dir='ltr'><em>ἐπεσιτίσαντό</em></span> <span class='ocrx_word' id='word_1_53' title='bbox 595 622 640 646; x_wconf 87' lang='grc' dir='ltr'>τε</span> <span class='ocrx_word' id='word_1_54' title='bbox 651 610 703 646; x_wconf 72' lang='grc' dir='ltr'>τὰ</span> <span class='ocrx_word' id='word_1_55' title='bbox 715 606 909 658; x_wconf 66' lang='grc' dir='ltr'><em>ἀρκοῦνται·</em></span> <span class='ocrx_word' id='word_1_56' title='bbox 923 609 1072 647; x_wconf 89' lang='lat' dir='ltr'>Arrian.</span> <span class='ocrx_word' id='word_1_57' title='bbox 1096 609 1134 648; x_wconf 94' lang='lat' dir='ltr'>L.</span> <span class='ocrx_word' id='word_1_58' title='bbox 1148 610 1227 656; x_wconf 85' lang='lat'><em>111,</em></span> <span class='ocrx_word' id='word_1_59' title='bbox 1250 624 1334 662; x_wconf 90' lang='lat' dir='ltr'>cap.</span> 
     </span>
     <span class='ocr_line' id='line_1_8' title="bbox 83 655 1334 717; baseline 0.002 -17"><span class='ocrx_word' id='word_1_60' title='bbox 83 673 133 700; x_wconf 85' lang='lat'>20</span> <span class='ocrx_word' id='word_1_61' title='bbox 146 659 169 699; x_wconf 89' lang='lat' dir='ltr'>f.</span> <span class='ocrx_word' id='word_1_62' title='bbox 186 662 501 711; x_wconf 67' lang='grc' dir='ltr'><em>ἐπισιτισάμενος</em></span> <span class='ocrx_word' id='word_1_63' title='bbox 521 660 565 701; x_wconf 57' lang='grc' dir='ltr'>δὲ</span> <span class='ocrx_word' id='word_1_64' title='bbox 578 655 724 705; x_wconf 71' lang='grc' dir='ltr'>αὖτόθι,</span> <span class='ocrx_word' id='word_1_65' title='bbox 750 660 807 699; x_wconf 64' lang='grc' dir='ltr'>ὅτι</span> <span class='ocrx_word' id='word_1_66' title='bbox 834 662 956 711; x_wconf 62' lang='grc' dir='ltr'><em>ἔρημον</em></span> <span class='ocrx_word' id='word_1_67' title='bbox 978 662 1044 701; x_wconf 69' lang='grc' dir='ltr'>τὴν</span> <span class='ocrx_word' id='word_1_68' title='bbox 1061 664 1183 713; x_wconf 79' lang='grc' dir='ltr'><em>πρόσω</em></span> <span class='ocrx_word' id='word_1_69' title='bbox 1203 665 1334 717; x_wconf 61' lang='grc' dir='ltr'><em>χώραν</em></span> 
     </span>
     <span class='ocr_line' id='line_1_9' title="bbox 80 712 1334 769; baseline 0.004 -16"><span class='ocrx_word' id='word_1_70' title='bbox 80 712 213 753; x_wconf 63' lang='lat' dir='ltr'>{inover-</span> <span class='ocrx_word' id='word_1_71' title='bbox 233 714 414 754; x_wconf 86' lang='lat' dir='ltr'>Nostrum</span> <span class='ocrx_word' id='word_1_72' title='bbox 436 713 534 752; x_wconf 85' lang='lat' dir='ltr'>infra</span> <span class='ocrx_word' id='word_1_73' title='bbox 549 713 641 752; x_wconf 90' lang='lat' dir='ltr'>Icar.</span> <span class='ocrx_word' id='word_1_74' title='bbox 656 727 688 753; x_wconf 90' lang='lat' dir='ltr'>c.</span> <span class='ocrx_word' id='word_1_75' title='bbox 704 727 716 751; x_wconf 87' lang='lat'>1</span> <span class='ocrx_word' id='word_1_76' title='bbox 731 728 765 759; x_wconf 91' lang='lat'>1,</span> <span class='ocrx_word' id='word_1_77' title='bbox 784 715 823 752; x_wconf 72' lang='grc' dir='ltr'>δι</span> <span class='ocrx_word' id='word_1_78' title='bbox 835 714 899 752; x_wconf 92' lang='lat' dir='ltr'>Bis</span> <span class='ocrx_word' id='word_1_79' title='bbox 911 715 1046 754; x_wconf 85' lang='lat' dir='ltr'>Aecus.</span> <span class='ocrx_word' id='word_1_80' title='bbox 1067 729 1098 755; x_wconf 91' lang='lat' dir='ltr'>c.</span> <span class='ocrx_word' id='word_1_81' title='bbox 1120 717 1167 755; x_wconf 87' lang='lat'>28</span> <span class='ocrx_word' id='word_1_82' title='bbox 1184 731 1234 769; x_wconf 89' lang='lat' dir='ltr'>pr.</span> <span class='ocrx_word' id='word_1_83' title='bbox 1250 718 1334 758; x_wconf 73' lang='grc' dir='ltr'>ἐπεὶ</span> 
     </span>
     <span class='ocr_line' id='line_1_10' title="bbox 81 766 1336 816; baseline 0.003 -10"><span class='ocrx_word' id='word_1_84' title='bbox 81 766 127 806; x_wconf 60' lang='grc' dir='ltr'>ὃὲ</span> <span class='ocrx_word' id='word_1_85' title='bbox 139 766 269 807; x_wconf 71' lang='grc' dir='ltr'><em>ἱκανῶς</em></span> <span class='ocrx_word' id='word_1_86' title='bbox 282 768 544 808; x_wconf 76' lang='grc' dir='ltr'><em>ἐπεσιτίσατο.</em></span> <span class='ocrx_word' id='word_1_87' title='bbox 566 767 677 807; x_wconf 88' lang='lat' dir='ltr'>Unde</span> <span class='ocrx_word' id='word_1_88' title='bbox 692 767 847 814; x_wconf 85' lang='lat' dir='ltr'>videbis,</span> <span class='ocrx_word' id='word_1_89' title='bbox 860 779 938 806; x_wconf 90' lang='lat' dir='ltr'>non</span> <span class='ocrx_word' id='word_1_90' title='bbox 951 767 1023 807; x_wconf 83' lang='lat' dir='ltr'>effe</span> <span class='ocrx_word' id='word_1_91' title='bbox 1038 770 1110 813; x_wconf 82' lang='lat' dir='ltr'>alo,</span> <span class='ocrx_word' id='word_1_92' title='bbox 1127 774 1269 816; x_wconf 71' lang='lat' dir='ltr'>comedo,</span> <span class='ocrx_word' id='word_1_93' title='bbox 1291 783 1336 810; x_wconf 88' lang='lat' dir='ltr'>ut</span> 
     </span>
     <span class='ocr_line' id='line_1_11' title="bbox 80 819 1334 876; baseline 0.005 -19"><span class='ocrx_word' id='word_1_94' title='bbox 80 820 203 872; x_wconf 87' lang='lat' dir='ltr'>vulgo</span> <span class='ocrx_word' id='word_1_95' title='bbox 217 833 303 861; x_wconf 88' lang='lat' dir='ltr'>cum</span> <span class='ocrx_word' id='word_1_96' title='bbox 318 821 618 872; x_wconf 86' lang='lat' dir='ltr'>Lexicographis</span> <span class='ocrx_word' id='word_1_97' title='bbox 632 820 862 868; x_wconf 81' lang='lat' dir='ltr'>vertebatur,</span> <span class='ocrx_word' id='word_1_98' title='bbox 875 819 934 860; x_wconf 93' lang='lat' dir='ltr'>sed</span> <span class='ocrx_word' id='word_1_99' title='bbox 949 822 984 859; x_wconf 77' lang='lat' dir='ltr'>iu</span> <span class='ocrx_word' id='word_1_100' title='bbox 998 822 1162 861; x_wconf 71' lang='lat' dir='ltr'>viaticum</span> <span class='ocrx_word' id='word_1_101' title='bbox 1181 827 1292 876; x_wconf 81' lang='lat' dir='ltr'>capio,</span> <span class='ocrx_word' id='word_1_102' title='bbox 1307 823 1334 864; x_wconf 86' lang='lat' dir='ltr'>s.</span> 
     </span>
     <span class='ocr_line' id='line_1_12' title="bbox 79 873 833 926; baseline 0 -14"><span class='ocrx_word' id='word_1_103' title='bbox 79 873 126 913; x_wconf 89' lang='lat' dir='ltr'>de</span> <span class='ocrx_word' id='word_1_104' title='bbox 143 874 335 914; x_wconf 88' lang='lat' dir='ltr'>frumento</span> <span class='ocrx_word' id='word_1_105' title='bbox 354 875 442 913; x_wconf 89' lang='lat' dir='ltr'>mihi</span> <span class='ocrx_word' id='word_1_106' title='bbox 457 873 658 926; x_wconf 80' lang='lat' dir='ltr'>prospicio.</span> <span class='ocrx_word' id='word_1_107' title='bbox 686 874 833 912; x_wconf 76' lang='lat' dir='ltr'>Rmz.</span> 
     </span>
    </p>

    <p class='ocr_par' dir='ltr' id='par_1_3' title="bbox 78 926 1338 1086">
     <span class='ocr_line' id='line_1_13' title="bbox 133 926 1338 982; baseline 0.003 -17"><span class='ocrx_word' id='word_1_108' title='bbox 133 929 246 966; x_wconf 86' lang='lat' dir='ltr'>ead.·l.</span> <span class='ocrx_word' id='word_1_109' title='bbox 267 943 280 967; x_wconf 90' lang='lat'>1</span> <span class='ocrx_word' id='word_1_110' title='bbox 293 942 324 980; x_wconf 82' lang='lat'>5.</span> <span class='ocrx_word' id='word_1_111' title='bbox 338 927 458 967; x_wconf 75' lang='grc' dir='ltr'><em>Ἥκειν</em></span> <span class='ocrx_word' id='word_1_112' title='bbox 471 948 514 957; x_wconf 89' lang='lat'>—-</span> <span class='ocrx_word' id='word_1_113' title='bbox 532 927 875 976; x_wconf 70' lang='grc' dir='ltr'><em>ἐπισιτισάμενος)</em></span> <span class='ocrx_word' id='word_1_114' title='bbox 901 926 1042 980; x_wconf 87' lang='lat' dir='ltr'>Supple</span> <span class='ocrx_word' id='word_1_115' title='bbox 1065 931 1194 979; x_wconf 83' lang='lat' dir='ltr'>partic.</span> <span class='ocrx_word' id='word_1_116' title='bbox 1217 928 1338 982; x_wconf 71' lang='grc' dir='ltr'><em>ἄγων,</em></span> 
     </span>
     <span class='ocr_line' id='line_1_14' title="bbox 78 980 1335 1037; baseline 0.003 -18"><span class='ocrx_word' id='word_1_117' title='bbox 78 980 281 1032; x_wconf 66' lang='grc' dir='ltr'><em>ευτφέρων.</em></span> <span class='ocrx_word' id='word_1_118' title='bbox 303 982 425 1020; x_wconf 77' lang='lat' dir='ltr'>LEED.</span> <span class='ocrx_word' id='word_1_119' title='bbox 446 980 543 1020; x_wconf 85' lang='lat' dir='ltr'>Vide</span> <span class='ocrx_word' id='word_1_120' title='bbox 557 986 597 1019; x_wconf 88' lang='lat' dir='ltr'>N.</span> <span class='ocrx_word' id='word_1_121' title='bbox 614 987 660 1018; x_wconf 91' lang='grc' dir='ltr'>Δ.</span> <span class='ocrx_word' id='word_1_122' title='bbox 678 986 706 1028; x_wconf 87' lang='grc' dir='ltr'>Ι,</span> <span class='ocrx_word' id='word_1_123' title='bbox 721 981 865 1019; x_wconf 70' lang='lat' dir='ltr'>’fimo-n.</span> <span class='ocrx_word' id='word_1_124' title='bbox 881 993 912 1020; x_wconf 94' lang='lat' dir='ltr'>c.</span> <span class='ocrx_word' id='word_1_125' title='bbox 931 994 994 1025; x_wconf 82' lang='lat'>20,</span> <span class='ocrx_word' id='word_1_126' title='bbox 1010 982 1049 1021; x_wconf 74' lang='grc' dir='ltr'>δι</span> <span class='ocrx_word' id='word_1_127' title='bbox 1063 982 1195 1037; x_wconf 86' lang='lat' dir='ltr'>Eurip.</span> <span class='ocrx_word' id='word_1_128' title='bbox 1211 983 1335 1024; x_wconf 89' lang='lat' dir='ltr'>Orch.</span> 
     </span>
     <span class='ocr_line' id='line_1_15' title="bbox 86 1034 1019 1086; baseline 0.004 -15"><span class='ocrx_word' id='word_1_129' title='bbox 86 1047 196 1086; x_wconf 84' lang='lat'>1323.</span> <span class='ocrx_word' id='word_1_130' title='bbox 214 1035 277 1074; x_wconf 90' lang='lat' dir='ltr'>De</span> <span class='ocrx_word' id='word_1_131' title='bbox 292 1035 474 1074; x_wconf 76' lang='grc' dir='ltr'><em>ἐπισιτ-</em></span> <span class='ocrx_word' id='word_1_132' title='bbox 497 1035 585 1073; x_wconf 90' lang='lat' dir='ltr'>vide</span> <span class='ocrx_word' id='word_1_133' title='bbox 603 1036 707 1082; x_wconf 69' lang='grc' dir='ltr'><em>Ἰκαρ.</em></span> <span class='ocrx_word' id='word_1_134' title='bbox 725 1047 756 1073; x_wconf 90' lang='lat' dir='ltr'>c.</span> <span class='ocrx_word' id='word_1_135' title='bbox 781 1048 795 1072; x_wconf 91' lang='lat'>1</span> <span class='ocrx_word' id='word_1_136' title='bbox 808 1048 838 1073; x_wconf 93' lang='lat'>1.</span> <span class='ocrx_word' id='word_1_137' title='bbox 860 1034 1019 1076; x_wconf 79' lang='lat' dir='ltr'>SOLAN.</span> 
     </span>
    </p>

    <p class='ocr_par' dir='ltr' id='par_1_4' title="bbox 133 1086 997 1140">
     <span class='ocr_line' id='line_1_16' title="bbox 133 1086 997 1140; baseline 0.002 -15"><span class='ocrx_word' id='word_1_138' title='bbox 133 1088 212 1126; x_wconf 83' lang='lat' dir='ltr'><em>ibid.</em></span> <span class='ocrx_word' id='word_1_139' title='bbox 225 1086 353 1140; x_wconf 58' lang='grc' dir='ltr'>Τόνὲε)</span> <span class='ocrx_word' id='word_1_140' title='bbox 366 1086 599 1127; x_wconf 84' lang='lat' dir='ltr'>Admifimus</span> <span class='ocrx_word' id='word_1_141' title='bbox 612 1100 658 1126; x_wconf 83' lang='lat' dir='ltr'>ex</span> <span class='ocrx_word' id='word_1_142' title='bbox 677 1087 746 1126; x_wconf 89' lang='lat' dir='ltr'>Ms.</span> <span class='ocrx_word' id='word_1_143' title='bbox 766 1087 861 1138; x_wconf 80' lang='lat' dir='ltr'>Reg.</span> <span class='ocrx_word' id='word_1_144' title='bbox 884 1101 953 1140; x_wconf 84' lang='lat'>301</span> <span class='ocrx_word' id='word_1_145' title='bbox 967 1102 997 1127; x_wconf 90' lang='lat'>1.</span> 
     </span>
    </p>

    <p class='ocr_par' dir='ltr' id='par_1_5' title="bbox 78 1139 1342 1568">
     <span class='ocr_line' id='line_1_17' title="bbox 133 1139 1338 1194; baseline 0.006 -17"><span class='ocrx_word' id='word_1_146' title='bbox 133 1142 222 1193; x_wconf 84' lang='lat' dir='ltr'>Pag.</span> <span class='ocrx_word' id='word_1_147' title='bbox 240 1155 326 1192; x_wconf 80' lang='lat'>314.</span> <span class='ocrx_word' id='word_1_148' title='bbox 346 1142 368 1180; x_wconf 90' lang='lat' dir='ltr'>l.</span> <span class='ocrx_word' id='word_1_149' title='bbox 389 1155 419 1191; x_wconf 89' lang='lat'>5.</span> <span class='ocrx_word' id='word_1_150' title='bbox 434 1141 514 1180; x_wconf 82' lang='grc' dir='ltr'>Ἐπ’</span> <span class='ocrx_word' id='word_1_151' title='bbox 536 1141 647 1194; x_wconf 84' lang='grc' dir='ltr'>Ἰλίῳ)</span> <span class='ocrx_word' id='word_1_152' title='bbox 669 1139 815 1180; x_wconf 86' lang='lat' dir='ltr'>Omnes</span> <span class='ocrx_word' id='word_1_153' title='bbox 836 1141 914 1180; x_wconf 91' lang='lat' dir='ltr'>edd.</span> <span class='ocrx_word' id='word_1_154' title='bbox 935 1153 1082 1194; x_wconf 85' lang='lat' dir='ltr'>praeter</span> <span class='ocrx_word' id='word_1_155' title='bbox 1095 1144 1280 1190; x_wconf 86' lang='lat' dir='ltr'>Venetas,</span> <span class='ocrx_word' id='word_1_156' title='bbox 1300 1145 1338 1184; x_wconf 82' lang='grc' dir='ltr'>ἐν</span> 
     </span>
     <span class='ocr_line' id='line_1_18' title="bbox 79 1193 1337 1248; baseline 0.004 -16"><span class='ocrx_word' id='word_1_157' title='bbox 79 1193 186 1242; x_wconf 82' lang='grc' dir='ltr'>Ἰλίῳ,</span> <span class='ocrx_word' id='word_1_158' title='bbox 198 1195 303 1247; x_wconf 89' lang='lat' dir='ltr'>quod</span> <span class='ocrx_word' id='word_1_159' title='bbox 314 1195 353 1234; x_wconf 73' lang='grc' dir='ltr'>ἃ</span> <span class='ocrx_word' id='word_1_160' title='bbox 371 1195 457 1234; x_wconf 85' lang='lat' dir='ltr'>ferri</span> <span class='ocrx_word' id='word_1_161' title='bbox 472 1204 645 1246; x_wconf 86' lang='lat' dir='ltr'>poterat,</span> <span class='ocrx_word' id='word_1_162' title='bbox 661 1196 752 1248; x_wconf 83' lang='lat' dir='ltr'>quia</span> <span class='ocrx_word' id='word_1_163' title='bbox 768 1195 959 1234; x_wconf 84' lang='lat' dir='ltr'>Troianus</span> <span class='ocrx_word' id='word_1_164' title='bbox 975 1195 1217 1248; x_wconf 88' lang='lat' dir='ltr'>Euphorbus.</span> <span class='ocrx_word' id='word_1_165' title='bbox 1234 1199 1337 1238; x_wconf 91' lang='lat' dir='ltr'>Vide</span> 
     </span>
     <span class='ocr_line' id='line_1_19' title="bbox 81 1247 1342 1303; baseline 0.004 -17"><span class='ocrx_word' id='word_1_166' title='bbox 81 1253 211 1297; x_wconf 84' lang='grc' dir='ltr'><em>Συμπ.</em></span> <span class='ocrx_word' id='word_1_167' title='bbox 229 1260 263 1288; x_wconf 89' lang='lat' dir='ltr'>c.</span> <span class='ocrx_word' id='word_1_168' title='bbox 282 1262 341 1301; x_wconf 83' lang='lat'>35.</span> <span class='ocrx_word' id='word_1_169' title='bbox 362 1248 518 1289; x_wconf 77' lang='lat' dir='ltr'>SOLAN.</span> <span class='ocrx_word' id='word_1_170' title='bbox 537 1249 589 1286; x_wconf 87' lang='grc' dir='ltr'>Ἐν</span> <span class='ocrx_word' id='word_1_171' title='bbox 602 1249 712 1297; x_wconf 88' lang='grc' dir='ltr'>Ἰλίῳ)</span> <span class='ocrx_word' id='word_1_172' title='bbox 734 1249 826 1286; x_wconf 90' lang='lat' dir='ltr'>Non</span> <span class='ocrx_word' id='word_1_173' title='bbox 846 1247 957 1287; x_wconf 87' lang='lat' dir='ltr'>ausus</span> <span class='ocrx_word' id='word_1_174' title='bbox 971 1247 1049 1287; x_wconf 86' lang='lat' dir='ltr'>sum</span> <span class='ocrx_word' id='word_1_175' title='bbox 1074 1250 1134 1289; x_wconf 76' lang='grc' dir='ltr'>ἐπ’</span> <span class='ocrx_word' id='word_1_176' title='bbox 1150 1252 1314 1303; x_wconf 89' lang='lat' dir='ltr'>recipere</span> <span class='ocrx_word' id='word_1_177' title='bbox 1328 1282 1342 1299; x_wconf 94' lang='lat'><strong>‚</strong></span> 
     </span>
     <span class='ocr_line' id='line_1_20' title="bbox 79 1301 1339 1354; baseline 0.002 -15"><span class='ocrx_word' id='word_1_178' title='bbox 79 1303 167 1352; x_wconf 88' lang='lat' dir='ltr'>quia</span> <span class='ocrx_word' id='word_1_179' title='bbox 184 1314 276 1340; x_wconf 85' lang='lat' dir='ltr'>mox</span> <span class='ocrx_word' id='word_1_180' title='bbox 297 1302 380 1352; x_wconf 83' lang='lat' dir='ltr'>post</span> <span class='ocrx_word' id='word_1_181' title='bbox 394 1301 545 1341; x_wconf 88' lang='lat' dir='ltr'>versum</span> <span class='ocrx_word' id='word_1_182' title='bbox 566 1302 652 1341; x_wconf 91' lang='lat' dir='ltr'>hinc</span> <span class='ocrx_word' id='word_1_183' title='bbox 674 1302 819 1341; x_wconf 87' lang='lat' dir='ltr'>sextum</span> <span class='ocrx_word' id='word_1_184' title='bbox 835 1302 969 1340; x_wconf 89' lang='lat' dir='ltr'>eodem</span> <span class='ocrx_word' id='word_1_185' title='bbox 989 1302 1185 1354; x_wconf 85' lang='lat' dir='ltr'>respiciens</span> <span class='ocrx_word' id='word_1_186' title='bbox 1199 1304 1233 1342; x_wconf 77' lang='grc' dir='ltr'>ἐν</span> <span class='ocrx_word' id='word_1_187' title='bbox 1246 1306 1339 1353; x_wconf 81' lang='grc' dir='ltr'>Ἰλίῳ</span> 
     </span>
     <span class='ocr_line' id='line_1_21' title="bbox 79 1353 1339 1407; baseline 0.002 -13"><span class='ocrx_word' id='word_1_188' title='bbox 79 1353 208 1394; x_wconf 88' lang='lat' dir='ltr'>rursus</span> <span class='ocrx_word' id='word_1_189' title='bbox 223 1356 297 1403; x_wconf 83' lang='lat' dir='ltr'>ait3</span> <span class='ocrx_word' id='word_1_190' title='bbox 318 1355 359 1394; x_wconf 87' lang='lat'>&amp;</span> <span class='ocrx_word' id='word_1_191' title='bbox 378 1357 554 1407; x_wconf 85' lang='lat' dir='ltr'>quamvis</span> <span class='ocrx_word' id='word_1_192' title='bbox 568 1368 693 1407; x_wconf 80' lang='lat' dir='ltr'>pugna</span> <span class='ocrx_word' id='word_1_193' title='bbox 711 1368 845 1394; x_wconf 88' lang='lat' dir='ltr'>revera</span> <span class='ocrx_word' id='word_1_194' title='bbox 867 1367 945 1393; x_wconf 91' lang='lat' dir='ltr'>non</span> <span class='ocrx_word' id='word_1_195' title='bbox 958 1356 1068 1401; x_wconf 76' lang='lat' dir='ltr'>intra,</span> <span class='ocrx_word' id='word_1_196' title='bbox 1092 1356 1151 1395; x_wconf 94' lang='lat' dir='ltr'>sed</span> <span class='ocrx_word' id='word_1_197' title='bbox 1166 1358 1210 1395; x_wconf 87' lang='lat' dir='ltr'>ad</span> <span class='ocrx_word' id='word_1_198' title='bbox 1226 1357 1339 1396; x_wconf 90' lang='lat' dir='ltr'>Ilium</span> 
     </span>
     <span class='ocr_line' id='line_1_22' title="bbox 79 1407 1340 1460; baseline 0.002 -13"><span class='ocrx_word' id='word_1_199' title='bbox 79 1408 180 1460; x_wconf 84' lang='lat' dir='ltr'>gesta</span> <span class='ocrx_word' id='word_1_200' title='bbox 204 1407 274 1454; x_wconf 88' lang='lat' dir='ltr'>fit,</span> <span class='ocrx_word' id='word_1_201' title='bbox 298 1420 424 1448; x_wconf 91' lang='lat' dir='ltr'>tamen</span> <span class='ocrx_word' id='word_1_202' title='bbox 450 1409 489 1448; x_wconf 77' lang='grc' dir='ltr'>δι</span> <span class='ocrx_word' id='word_1_203' title='bbox 516 1407 548 1447; x_wconf 75' lang='grc' dir='ltr'>ἓν</span> <span class='ocrx_word' id='word_1_204' title='bbox 571 1408 620 1448; x_wconf 88' lang='lat' dir='ltr'>fic</span> <span class='ocrx_word' id='word_1_205' title='bbox 647 1411 766 1448; x_wconf 85' lang='lat' dir='ltr'>utitur</span> <span class='ocrx_word' id='word_1_206' title='bbox 790 1409 950 1448; x_wconf 87' lang='lat' dir='ltr'>Homer.</span> <span class='ocrx_word' id='word_1_207' title='bbox 975 1422 1090 1460; x_wconf 89' lang='lat' dir='ltr'>quem</span> <span class='ocrx_word' id='word_1_208' title='bbox 1112 1411 1272 1449; x_wconf 87' lang='lat' dir='ltr'>indicavi</span> <span class='ocrx_word' id='word_1_209' title='bbox 1293 1411 1340 1450; x_wconf 88' lang='lat' dir='ltr'>ad</span> 
     </span>
     <span class='ocr_line' id='line_1_23' title="bbox 82 1459 1339 1516; baseline 0.003 -16"><span class='ocrx_word' id='word_1_210' title='bbox 82 1461 235 1513; x_wconf 88' lang='lat' dir='ltr'>Quom.</span> <span class='ocrx_word' id='word_1_211' title='bbox 247 1461 340 1501; x_wconf 84' lang='lat' dir='ltr'>Hist.</span> <span class='ocrx_word' id='word_1_212' title='bbox 358 1476 390 1503; x_wconf 89' lang='lat' dir='ltr'>c.</span> <span class='ocrx_word' id='word_1_213' title='bbox 407 1463 466 1502; x_wconf 87' lang='lat'>28.</span> <span class='ocrx_word' id='word_1_214' title='bbox 492 1462 571 1502; x_wconf 94' lang='lat' dir='ltr'>Ubi</span> <span class='ocrx_word' id='word_1_215' title='bbox 582 1462 735 1503; x_wconf 89' lang='lat' dir='ltr'>Lucian.</span> <span class='ocrx_word' id='word_1_216' title='bbox 757 1462 871 1502; x_wconf 86' lang='lat' dir='ltr'>etiam</span> <span class='ocrx_word' id='word_1_217' title='bbox 891 1463 924 1501; x_wconf 78' lang='grc' dir='ltr'>ἐν</span> <span class='ocrx_word' id='word_1_218' title='bbox 941 1459 1098 1514; x_wconf 73' lang='grc' dir='ltr'><em>Εὖρὸπῳ,</em></span> <span class='ocrx_word' id='word_1_219' title='bbox 1113 1464 1154 1503; x_wconf 85' lang='lat'>&amp;</span> <span class='ocrx_word' id='word_1_220' title='bbox 1168 1477 1200 1504; x_wconf 93' lang='lat' dir='ltr'>c.</span> <span class='ocrx_word' id='word_1_221' title='bbox 1219 1464 1283 1516; x_wconf 79' lang='lat'>38,</span> <span class='ocrx_word' id='word_1_222' title='bbox 1301 1463 1339 1504; x_wconf 69' lang='grc' dir='ltr'>ἐν</span> 
     </span>
     <span class='ocr_line' id='line_1_24' title="bbox 78 1514 594 1568; baseline -0.006 -11"><span class='ocrx_word' id='word_1_223' title='bbox 78 1514 233 1563; x_wconf 76' lang='grc' dir='ltr'>Ὀλύνθῳ</span> <span class='ocrx_word' id='word_1_224' title='bbox 253 1529 325 1568; x_wconf 89' lang='lat' dir='ltr'>pro</span> <span class='ocrx_word' id='word_1_225' title='bbox 346 1516 423 1555; x_wconf 77' lang='grc' dir='ltr'>ἐπί.</span> <span class='ocrx_word' id='word_1_226' title='bbox 448 1517 594 1556; x_wconf 72' lang='lat' dir='ltr'>Rfilrz.</span> 
     </span>
    </p>

    <p class='ocr_par' dir='ltr' id='par_1_6' title="bbox 133 1567 1224 1622">
     <span class='ocr_line' id='line_1_25' title="bbox 133 1567 1224 1622; baseline 0.003 -15"><span class='ocrx_word' id='word_1_227' title='bbox 133 1569 212 1608; x_wconf 76' lang='lat' dir='ltr'>ibid.</span> <span class='ocrx_word' id='word_1_228' title='bbox 226 1569 430 1609; x_wconf 74' lang='grc' dir='ltr'>Ἀποθοινῶν</span> <span class='ocrx_word' id='word_1_229' title='bbox 444 1568 515 1610; x_wconf 66' lang='grc' dir='ltr'>ὑπὸ</span> <span class='ocrx_word' id='word_1_230' title='bbox 531 1570 637 1622; x_wconf 83' lang='grc' dir='ltr'><em>Μεν.)</em></span> <span class='ocrx_word' id='word_1_231' title='bbox 651 1569 770 1609; x_wconf 87' lang='lat' dir='ltr'>Hom.</span> <span class='ocrx_word' id='word_1_232' title='bbox 785 1569 826 1608; x_wconf 88' lang='lat' dir='ltr'>Il.</span> <span class='ocrx_word' id='word_1_233' title='bbox 840 1574 874 1615; x_wconf 78' lang='lat' dir='ltr'>P,</span> <span class='ocrx_word' id='word_1_234' title='bbox 887 1583 936 1617; x_wconf 89' lang='lat'>47</span> <span class='ocrx_word' id='word_1_235' title='bbox 948 1567 1047 1621; x_wconf 83' lang='lat' dir='ltr'>seqq.</span> <span class='ocrx_word' id='word_1_236' title='bbox 1066 1569 1224 1610; x_wconf 84' lang='lat' dir='ltr'>SOLAN.</span> 
     </span>
    </p>

    <p class='ocr_par' dir='ltr' id='par_1_7' title="bbox 78 1621 1341 2157">
     <span class='ocr_line' id='line_1_26' title="bbox 134 1621 1340 1675; baseline 0.002 -14"><span class='ocrx_word' id='word_1_237' title='bbox 134 1625 206 1661; x_wconf 88' lang='lat' dir='ltr'>ead.</span> <span class='ocrx_word' id='word_1_238' title='bbox 222 1624 246 1663; x_wconf 91' lang='lat' dir='ltr'>l.</span> <span class='ocrx_word' id='word_1_239' title='bbox 260 1624 294 1662; x_wconf 92' lang='lat'>6.</span> <span class='ocrx_word' id='word_1_240' title='bbox 318 1623 433 1673; x_wconf 73' lang='grc' dir='ltr'><em>Χρόνῳ</em></span> <span class='ocrx_word' id='word_1_241' title='bbox 453 1621 627 1675; x_wconf 69' lang='grc' dir='ltr'><em>ὕστερον)</em></span> <span class='ocrx_word' id='word_1_242' title='bbox 651 1623 771 1675; x_wconf 83' lang='lat' dir='ltr'>Diog.</span> <span class='ocrx_word' id='word_1_243' title='bbox 796 1623 970 1663; x_wconf 76' lang='lat' dir='ltr'>Laertius</span> <span class='ocrx_word' id='word_1_244' title='bbox 992 1624 1279 1663; x_wconf 88' lang='lat' dir='ltr'>Hermotimum</span> <span class='ocrx_word' id='word_1_245' title='bbox 1299 1623 1340 1663; x_wconf 88' lang='lat'>&amp;</span> 
     </span>
     <span class='ocr_line' id='line_1_27' title="bbox 78 1676 1339 1729; baseline -0.002 -13"><span class='ocrx_word' id='word_1_246' title='bbox 78 1676 273 1726; x_wconf 88' lang='lat' dir='ltr'>Pyrrhum</span> <span class='ocrx_word' id='word_1_247' title='bbox 291 1676 514 1729; x_wconf 81' lang='lat' dir='ltr'>piscatorem</span> <span class='ocrx_word' id='word_1_248' title='bbox 534 1677 691 1717; x_wconf 89' lang='lat' dir='ltr'>Delium</span> <span class='ocrx_word' id='word_1_249' title='bbox 712 1676 816 1715; x_wconf 84' lang='lat' dir='ltr'>fuiffe</span> <span class='ocrx_word' id='word_1_250' title='bbox 830 1705 841 1723; x_wconf 83' lang='lat'>‚</span> <span class='ocrx_word' id='word_1_251' title='bbox 872 1688 1073 1728; x_wconf 83' lang='lat' dir='ltr'>antequam</span> <span class='ocrx_word' id='word_1_252' title='bbox 1098 1677 1339 1729; x_wconf 84' lang='lat' dir='ltr'>Pythagoras</span> 
     </span>
     <span class='ocr_line' id='line_1_28' title="bbox 80 1729 1339 1782; baseline -0.001 -12"><span class='ocrx_word' id='word_1_253' title='bbox 80 1729 182 1776; x_wconf 85' lang='lat' dir='ltr'>esset,</span> <span class='ocrx_word' id='word_1_254' title='bbox 195 1731 304 1769; x_wconf 84' lang='lat' dir='ltr'>tradit</span> <span class='ocrx_word' id='word_1_255' title='bbox 319 1744 353 1781; x_wconf 92' lang='lat' dir='ltr'>p.</span> <span class='ocrx_word' id='word_1_256' title='bbox 365 1745 386 1769; x_wconf 91' lang='lat'>2</span> <span class='ocrx_word' id='word_1_257' title='bbox 396 1744 437 1781; x_wconf 23' lang='lat'>1⁷5</span> <span class='ocrx_word' id='word_1_258' title='bbox 453 1732 495 1771; x_wconf 92' lang='lat' dir='ltr'>B.</span> <span class='ocrx_word' id='word_1_259' title='bbox 510 1731 559 1770; x_wconf 90' lang='lat' dir='ltr'>A.</span> <span class='ocrx_word' id='word_1_260' title='bbox 569 1731 716 1770; x_wconf 89' lang='lat' dir='ltr'>Gellius</span> <span class='ocrx_word' id='word_1_261' title='bbox 729 1729 810 1782; x_wconf 84' lang='lat' dir='ltr'>post</span> <span class='ocrx_word' id='word_1_262' title='bbox 821 1730 1082 1781; x_wconf 80' lang='lat' dir='ltr'>Pythagoram</span> <span class='ocrx_word' id='word_1_263' title='bbox 1097 1730 1339 1781; x_wconf 86' lang='lat' dir='ltr'>Pyrandrum</span> 
     </span>
     <span class='ocr_line' id='line_1_29' title="bbox 78 1783 1341 1836; baseline 0 -13"><span class='ocrx_word' id='word_1_264' title='bbox 78 1783 202 1831; x_wconf 84' lang='lat' dir='ltr'>fuiffe,</span> <span class='ocrx_word' id='word_1_265' title='bbox 216 1784 348 1822; x_wconf 88' lang='lat' dir='ltr'>deinde</span> <span class='ocrx_word' id='word_1_266' title='bbox 358 1783 574 1825; x_wconf 87' lang='lat' dir='ltr'>Callicleam</span> <span class='ocrx_word' id='word_1_267' title='bbox 585 1784 728 1830; x_wconf 85' lang='lat' dir='ltr'>Deam,</span> <span class='ocrx_word' id='word_1_268' title='bbox 740 1784 872 1823; x_wconf 86' lang='lat' dir='ltr'>deinde</span> <span class='ocrx_word' id='word_1_269' title='bbox 887 1783 1063 1822; x_wconf 90' lang='lat' dir='ltr'>feminam</span> <span class='ocrx_word' id='word_1_270' title='bbox 1078 1785 1233 1836; x_wconf 87' lang='lat' dir='ltr'>pulchra</span> <span class='ocrx_word' id='word_1_271' title='bbox 1245 1783 1341 1823; x_wconf 83' lang='lat' dir='ltr'>facie</span> 
     </span>
     <span class='ocr_line' id='line_1_30' title="bbox 81 1837 1339 1889; baseline -0.001 -12"><span class='ocrx_word' id='word_1_272' title='bbox 81 1838 318 1877; x_wconf 83' lang='lat' dir='ltr'>meretricem</span> <span class='ocrx_word' id='word_1_273' title='bbox 330 1867 341 1884; x_wconf 93' lang='lat'>‚</span> <span class='ocrx_word' id='word_1_274' title='bbox 361 1839 424 1877; x_wconf 89' lang='lat' dir='ltr'>cui</span> <span class='ocrx_word' id='word_1_275' title='bbox 449 1851 590 1878; x_wconf 88' lang='lat' dir='ltr'>nomen</span> <span class='ocrx_word' id='word_1_276' title='bbox 607 1837 730 1876; x_wconf 88' lang='lat' dir='ltr'>fuerat</span> <span class='ocrx_word' id='word_1_277' title='bbox 745 1838 851 1877; x_wconf 91' lang='lat' dir='ltr'>Alce.</span> <span class='ocrx_word' id='word_1_278' title='bbox 864 1837 936 1884; x_wconf 90' lang='lat' dir='ltr'>IV,</span> <span class='ocrx_word' id='word_1_279' title='bbox 957 1850 971 1874; x_wconf 88' lang='lat'>1</span> <span class='ocrx_word' id='word_1_280' title='bbox 983 1851 1016 1876; x_wconf 90' lang='lat'>1.</span> <span class='ocrx_word' id='word_1_281' title='bbox 1047 1839 1166 1889; x_wconf 85' lang='lat' dir='ltr'>(Vide</span> <span class='ocrx_word' id='word_1_282' title='bbox 1184 1838 1339 1889; x_wconf 85' lang='lat' dir='ltr'>Menag.</span> 
     </span>
     <span class='ocr_line' id='line_1_31' title="bbox 81 1890 1338 1944; baseline -0.002 -13"><span class='ocrx_word' id='word_1_283' title='bbox 81 1892 129 1931; x_wconf 87' lang='lat' dir='ltr'>ad</span> <span class='ocrx_word' id='word_1_284' title='bbox 138 1890 257 1943; x_wconf 83' lang='lat' dir='ltr'>Diog.</span> <span class='ocrx_word' id='word_1_285' title='bbox 271 1891 395 1930; x_wconf 74' lang='lat' dir='ltr'>Laert.</span> <span class='ocrx_word' id='word_1_286' title='bbox 407 1892 430 1930; x_wconf 95' lang='lat' dir='ltr'>l.</span> <span class='ocrx_word' id='word_1_287' title='bbox 446 1905 478 1931; x_wconf 91' lang='lat' dir='ltr'>c.</span> <span class='ocrx_word' id='word_1_288' title='bbox 491 1906 527 1944; x_wconf 93' lang='lat' dir='ltr'>p.</span> <span class='ocrx_word' id='word_1_289' title='bbox 542 1893 590 1932; x_wconf 82' lang='lat'>26</span> <span class='ocrx_word' id='word_1_290' title='bbox 606 1890 657 1930; x_wconf 92' lang='lat' dir='ltr'>D.</span> <span class='ocrx_word' id='word_1_291' title='bbox 673 1892 731 1943; x_wconf 85' lang='lat' dir='ltr'>E.)</span> <span class='ocrx_word' id='word_1_292' title='bbox 755 1891 988 1930; x_wconf 88' lang='lat' dir='ltr'>Aethalidem</span> <span class='ocrx_word' id='word_1_293' title='bbox 1007 1903 1154 1941; x_wconf 85' lang='lat' dir='ltr'>praeter</span> <span class='ocrx_word' id='word_1_294' title='bbox 1169 1893 1261 1930; x_wconf 88' lang='lat' dir='ltr'>alios</span> <span class='ocrx_word' id='word_1_295' title='bbox 1284 1892 1338 1928; x_wconf 91' lang='lat' dir='ltr'>in-</span> 
     </span>
     <span class='ocr_line' id='line_1_32' title="bbox 79 1943 1338 1998; baseline -0.002 -14"><span class='ocrx_word' id='word_1_296' title='bbox 79 1945 166 1984; x_wconf 87' lang='lat' dir='ltr'>serit</span> <span class='ocrx_word' id='word_1_297' title='bbox 175 1943 366 1996; x_wconf 91' lang='lat' dir='ltr'>Porphyr.</span> <span class='ocrx_word' id='word_1_298' title='bbox 384 1945 419 1983; x_wconf 95' lang='lat' dir='ltr'>N</span> <span class='ocrx_word' id='word_1_299' title='bbox 424 1944 458 1984; x_wconf 79' lang='lat'>0.</span> <span class='ocrx_word' id='word_1_300' title='bbox 470 1960 534 1998; x_wconf 88' lang='lat'>45,</span> <span class='ocrx_word' id='word_1_301' title='bbox 548 1946 588 1985; x_wconf 70' lang='grc' dir='ltr'>δι</span> <span class='ocrx_word' id='word_1_302' title='bbox 602 1945 859 1984; x_wconf 82' lang='lat' dir='ltr'>Tertullianus</span> <span class='ocrx_word' id='word_1_303' title='bbox 872 1945 916 1983; x_wconf 92' lang='lat' dir='ltr'>de</span> <span class='ocrx_word' id='word_1_304' title='bbox 931 1945 1066 1983; x_wconf 86' lang='lat' dir='ltr'>anima.</span> <span class='ocrx_word' id='word_1_305' title='bbox 1091 1945 1229 1984; x_wconf 86' lang='lat' dir='ltr'>Noster</span> <span class='ocrx_word' id='word_1_306' title='bbox 1242 1946 1338 1982; x_wconf 87' lang='lat' dir='ltr'>inter</span> 
     </span>
     <span class='ocr_line' id='line_1_33' title="bbox 80 1996 1339 2051; baseline -0.002 -13"><span class='ocrx_word' id='word_1_307' title='bbox 80 1997 335 2050; x_wconf 87' lang='lat' dir='ltr'>Euphorbum</span> <span class='ocrx_word' id='word_1_308' title='bbox 349 1997 388 2036; x_wconf 89' lang='lat'>&amp;</span> <span class='ocrx_word' id='word_1_309' title='bbox 401 1998 661 2051; x_wconf 81' lang='lat' dir='ltr'>Pythagoram</span> <span class='ocrx_word' id='word_1_310' title='bbox 671 2011 840 2037; x_wconf 88' lang='lat' dir='ltr'>vacuum</span> <span class='ocrx_word' id='word_1_311' title='bbox 858 2011 1000 2050; x_wconf 88' lang='lat' dir='ltr'>ponere</span> <span class='ocrx_word' id='word_1_312' title='bbox 1014 1998 1175 2038; x_wconf 88' lang='lat' dir='ltr'>videtur.</span> <span class='ocrx_word' id='word_1_313' title='bbox 1191 1998 1254 2037; x_wconf 90' lang='lat' dir='ltr'>De</span> <span class='ocrx_word' id='word_1_314' title='bbox 1264 1996 1339 2049; x_wconf 89' lang='lat' dir='ltr'>Py-</span> 
     </span>
     <span class='ocr_line' id='line_1_34' title="bbox 78 2050 1335 2104; baseline 0 -13"><span class='ocrx_word' id='word_1_315' title='bbox 78 2053 183 2104; x_wconf 84' lang='lat' dir='ltr'>thag.</span> <span class='ocrx_word' id='word_1_316' title='bbox 197 2051 448 2104; x_wconf 90' lang='lat' dir='ltr'>Euphorbum</span> <span class='ocrx_word' id='word_1_317' title='bbox 462 2051 498 2091; x_wconf 88' lang='lat' dir='ltr'>se</span> <span class='ocrx_word' id='word_1_318' title='bbox 512 2052 698 2104; x_wconf 89' lang='lat' dir='ltr'>probante</span> <span class='ocrx_word' id='word_1_319' title='bbox 716 2052 802 2092; x_wconf 89' lang='lat' dir='ltr'>vide</span> <span class='ocrx_word' id='word_1_320' title='bbox 818 2051 948 2091; x_wconf 89' lang='lat' dir='ltr'>Iambl.</span> <span class='ocrx_word' id='word_1_321' title='bbox 963 2052 997 2090; x_wconf 91' lang='grc' dir='ltr'>Ν</span> <span class='ocrx_word' id='word_1_322' title='bbox 1004 2050 1040 2091; x_wconf 80' lang='lat'>0.</span> <span class='ocrx_word' id='word_1_323' title='bbox 1053 2053 1119 2104; x_wconf 84' lang='lat'>63,</span> <span class='ocrx_word' id='word_1_324' title='bbox 1132 2054 1170 2091; x_wconf 77' lang='grc' dir='ltr'>δι</span> <span class='ocrx_word' id='word_1_325' title='bbox 1192 2066 1278 2104; x_wconf 81' lang='lat'>134,</span> <span class='ocrx_word' id='word_1_326' title='bbox 1294 2052 1335 2091; x_wconf 84' lang='lat'>&amp;</span> 
     </span>
     <span class='ocr_line' id='line_1_35' title="bbox 78 2105 604 2157; baseline -0.004 -11"><span class='ocrx_word' id='word_1_327' title='bbox 78 2105 201 2157; x_wconf 88' lang='lat' dir='ltr'>Diog.</span> <span class='ocrx_word' id='word_1_328' title='bbox 217 2105 340 2145; x_wconf 82' lang='lat' dir='ltr'>La&#39;e‘rt.</span> <span class='ocrx_word' id='word_1_329' title='bbox 353 2105 376 2143; x_wconf 92' lang='lat' dir='ltr'>l.</span> <span class='ocrx_word' id='word_1_330' title='bbox 390 2119 422 2145; x_wconf 92' lang='lat' dir='ltr'>c.</span> <span class='ocrx_word' id='word_1_331' title='bbox 447 2105 604 2145; x_wconf 82' lang='lat' dir='ltr'>SOLAN.</span> 
     </span>
    </p>

    <p class='ocr_par' dir='ltr' id='par_1_8' title="bbox 82 2157 1335 2266">
     <span class='ocr_line' id='line_1_36' title="bbox 135 2157 1335 2212; baseline -0.002 -14"><span class='ocrx_word' id='word_1_332' title='bbox 135 2159 172 2198; x_wconf 84' lang='lat' dir='ltr'>in</span> <span class='ocrx_word' id='word_1_333' title='bbox 183 2160 297 2198; x_wconf 74' lang='lat' dir='ltr'>schol.</span> <span class='ocrx_word' id='word_1_334' title='bbox 315 2160 376 2199; x_wconf 91' lang='lat' dir='ltr'>col.</span> <span class='ocrx_word' id='word_1_335' title='bbox 392 2173 425 2199; x_wconf 91' lang='lat'>2.</span> <span class='ocrx_word' id='word_1_336' title='bbox 443 2159 468 2199; x_wconf 91' lang='lat' dir='ltr'>l.</span> <span class='ocrx_word' id='word_1_337' title='bbox 485 2174 516 2212; x_wconf 88' lang='lat'>3.</span> <span class='ocrx_word' id='word_1_338' title='bbox 535 2159 762 2212; x_wconf 71' lang='grc' dir='ltr'>Κοισίγνητοί</span> <span class='ocrx_word' id='word_1_339' title='bbox 775 2172 819 2198; x_wconf 75' lang='grc' dir='ltr'>τε</span> <span class='ocrx_word' id='word_1_340' title='bbox 834 2157 918 2199; x_wconf 71' lang='grc' dir='ltr'><em>ἐ’τοιι</em></span> <span class='ocrx_word' id='word_1_341' title='bbox 933 2159 998 2212; x_wconf 85' lang='grc' dir='ltr'>τε)</span> <span class='ocrx_word' id='word_1_342' title='bbox 1020 2159 1139 2198; x_wconf 88' lang='lat' dir='ltr'>Hom.</span> <span class='ocrx_word' id='word_1_343' title='bbox 1156 2157 1260 2197; x_wconf 91' lang='lat' dir='ltr'>Iliad.</span> <span class='ocrx_word' id='word_1_344' title='bbox 1275 2162 1335 2206; x_wconf 86' lang='grc' dir='ltr'>Π,</span> 
     </span>
     <span class='ocr_line' id='line_1_37' title="bbox 82 2212 352 2266; baseline -0.007 -14"><span class='ocrx_word' id='word_1_345' title='bbox 82 2214 173 2266; x_wconf 83' lang='lat'>456.</span> <span class='ocrx_word' id='word_1_346' title='bbox 195 2212 352 2252; x_wconf 61' lang='lat' dir='ltr'>somn.</span> 
     </span>
    </p>

    <p class='ocr_par' dir='ltr' id='par_1_9' title="bbox 80 2261 1336 2530">
     <span class='ocr_line' id='line_1_38' title="bbox 136 2261 1334 2320; baseline -0.001 -16"><span class='ocrx_word' id='word_1_347' title='bbox 136 2267 225 2318; x_wconf 83' lang='lat' dir='ltr'>Pag.</span> <span class='ocrx_word' id='word_1_348' title='bbox 243 2279 331 2320; x_wconf 82' lang='lat'>315.</span> <span class='ocrx_word' id='word_1_349' title='bbox 344 2268 367 2305; x_wconf 89' lang='lat' dir='ltr'>l.</span> <span class='ocrx_word' id='word_1_350' title='bbox 385 2280 416 2305; x_wconf 89' lang='lat'>1.</span> <span class='ocrx_word' id='word_1_351' title='bbox 434 2265 528 2320; x_wconf 66' lang='grc' dir='ltr'>Ἐγὼ</span> <span class='ocrx_word' id='word_1_352' title='bbox 541 2265 586 2305; x_wconf 67' lang='lat' dir='ltr'>s‘e</span> <span class='ocrx_word' id='word_1_353' title='bbox 600 2264 794 2314; x_wconf 71' lang='grc' dir='ltr'><em>τοσοῦτον)</em></span> <span class='ocrx_word' id='word_1_354' title='bbox 818 2265 969 2306; x_wconf 88' lang='lat' dir='ltr'>Scribe:</span> <span class='ocrx_word' id='word_1_355' title='bbox 996 2265 1074 2319; x_wconf 69' lang='grc' dir='ltr'>ἐγὼ</span> <span class='ocrx_word' id='word_1_356' title='bbox 1094 2263 1138 2303; x_wconf 57' lang='lat' dir='ltr'>s&amp;</span> <span class='ocrx_word' id='word_1_357' title='bbox 1156 2261 1334 2303; x_wconf 70' lang='grc' dir='ltr'><em>τοσοῦτόν</em></span> 
     </span>
     <span class='ocr_line' id='line_1_39' title="bbox 82 2316 1336 2372; baseline -0.002 -13"><span class='ocrx_word' id='word_1_358' title='bbox 82 2335 140 2360; x_wconf 88' lang='grc' dir='ltr'>σοι</span> <span class='ocrx_word' id='word_1_359' title='bbox 157 2321 254 2371; x_wconf 74' lang='grc' dir='ltr'>φημὶ</span> <span class='ocrx_word' id='word_1_360' title='bbox 267 2316 450 2372; x_wconf 75' lang='grc' dir='ltr'><em>ὑπερφυὲς</em></span> <span class='ocrx_word' id='word_1_361' title='bbox 463 2319 582 2368; x_wconf 54' lang='grc' dir='ltr'><em>μηθὲν</em></span> <span class='ocrx_word' id='word_1_362' title='bbox 598 2320 784 2371; x_wconf 61' lang='grc' dir='ltr'><em>’γενέσθαι</em></span> <span class='ocrx_word' id='word_1_363' title='bbox 801 2322 900 2358; x_wconf 79' lang='grc' dir='ltr'><em>τότε.</em></span> <span class='ocrx_word' id='word_1_364' title='bbox 923 2320 970 2358; x_wconf 85' lang='lat' dir='ltr'>Et</span> <span class='ocrx_word' id='word_1_365' title='bbox 984 2319 1034 2359; x_wconf 86' lang='lat' dir='ltr'>fic</span> <span class='ocrx_word' id='word_1_366' title='bbox 1049 2319 1137 2370; x_wconf 85' lang='lat' dir='ltr'>legit</span> <span class='ocrx_word' id='word_1_367' title='bbox 1149 2319 1336 2369; x_wconf 85' lang='lat' dir='ltr'>interpres</span> 
     </span>
     <span class='ocr_line' id='line_1_40' title="bbox 82 2370 1334 2426; baseline -0.003 -12"><span class='ocrx_word' id='word_1_368' title='bbox 82 2374 255 2421; x_wconf 84' lang='lat' dir='ltr'>Latinus,</span> <span class='ocrx_word' id='word_1_369' title='bbox 275 2374 450 2426; x_wconf 87' lang='lat' dir='ltr'>quamvis</span> <span class='ocrx_word' id='word_1_370' title='bbox 463 2386 595 2412; x_wconf 89' lang='lat' dir='ltr'>omnes</span> <span class='ocrx_word' id='word_1_371' title='bbox 608 2373 688 2412; x_wconf 89' lang='lat' dir='ltr'>edd.</span> <span class='ocrx_word' id='word_1_372' title='bbox 702 2372 874 2412; x_wconf 89' lang='lat' dir='ltr'>Graecae</span> <span class='ocrx_word' id='word_1_373' title='bbox 886 2372 996 2423; x_wconf 58' lang='grc' dir='ltr'>μηὲέ.</span> <span class='ocrx_word' id='word_1_374' title='bbox 1019 2372 1189 2412; x_wconf 75' lang='lat' dir='ltr'>GRAEV.</span> <span class='ocrx_word' id='word_1_375' title='bbox 1210 2370 1334 2410; x_wconf 51' lang='grc' dir='ltr'><em>Μηδὲν</em></span> 
     </span>
     <span class='ocr_line' id='line_1_41' title="bbox 80 2424 1334 2479; baseline -0.003 -12"><span class='ocrx_word' id='word_1_376' title='bbox 80 2427 121 2467; x_wconf 89' lang='grc' dir='ltr'>Ρ.</span> <span class='ocrx_word' id='word_1_377' title='bbox 139 2428 176 2466; x_wconf 77' lang='grc' dir='ltr'>δι</span> <span class='ocrx_word' id='word_1_378' title='bbox 193 2427 233 2465; x_wconf 89' lang='lat' dir='ltr'>L.</span> <span class='ocrx_word' id='word_1_379' title='bbox 256 2429 311 2466; x_wconf 93' lang='lat' dir='ltr'>uti</span> <span class='ocrx_word' id='word_1_380' title='bbox 328 2427 526 2466; x_wconf 89' lang='lat' dir='ltr'>emendare</span> <span class='ocrx_word' id='word_1_381' title='bbox 549 2426 701 2466; x_wconf 78' lang='lat' dir='ltr'>iusserat</span> <span class='ocrx_word' id='word_1_382' title='bbox 715 2426 918 2466; x_wconf 86' lang='lat' dir='ltr'>Graevius.</span> <span class='ocrx_word' id='word_1_383' title='bbox 940 2426 983 2465; x_wconf 90' lang='lat' dir='ltr'>In</span> <span class='ocrx_word' id='word_1_384' title='bbox 998 2424 1242 2479; x_wconf 40' lang='lat' dir='ltr'>imprffnsk,</span> <span class='ocrx_word' id='word_1_385' title='bbox 1268 2435 1334 2463; x_wconf 90' lang='lat' dir='ltr'>aut</span> 
     </span>
     <span class='ocr_line' id='line_1_42' title="bbox 80 2479 613 2530; baseline -0.006 -9"><span class='ocrx_word' id='word_1_386' title='bbox 80 2480 293 2522; x_wconf 69' lang='lat' dir='ltr'>disiunffim</span> <span class='ocrx_word' id='word_1_387' title='bbox 306 2480 358 2530; x_wconf 62' lang='grc' dir='ltr'>μὴ</span> <span class='ocrx_word' id='word_1_388' title='bbox 379 2479 435 2519; x_wconf 61' lang='lat' dir='ltr'>se&#39;.</span> <span class='ocrx_word' id='word_1_389' title='bbox 457 2480 613 2520; x_wconf 75' lang='lat' dir='ltr'>SOLAN.</span> 
     </span>
    </p>

    <p class='ocr_par' dir='ltr' id='par_1_10' title="bbox 135 2531 1338 2589">
     <span class='ocr_line' id='line_1_43' title="bbox 135 2531 1338 2589; baseline -0.005 -14"><span class='ocrx_word' id='word_1_390' title='bbox 135 2536 208 2580; x_wconf 79' lang='lat' dir='ltr'>ead.</span> <span class='ocrx_word' id='word_1_391' title='bbox 221 2536 242 2576; x_wconf 90' lang='lat' dir='ltr'>l.</span> <span class='ocrx_word' id='word_1_392' title='bbox 258 2547 294 2589; x_wconf 75' lang='lat'>7.</span> <span class='ocrx_word' id='word_1_393' title='bbox 317 2533 532 2587; x_wconf 44' lang='grc' dir='ltr'>Ἀφίδναις)</span> <span class='ocrx_word' id='word_1_394' title='bbox 555 2534 717 2575; x_wconf 88' lang='lat' dir='ltr'>Diodor.</span> <span class='ocrx_word' id='word_1_395' title='bbox 733 2533 882 2574; x_wconf 86' lang='lat' dir='ltr'>Siculus</span> <span class='ocrx_word' id='word_1_396' title='bbox 897 2533 1013 2574; x_wconf 88' lang='lat' dir='ltr'>habet</span> <span class='ocrx_word' id='word_1_397' title='bbox 1033 2533 1072 2572; x_wconf 91' lang='lat' dir='ltr'>in</span> <span class='ocrx_word' id='word_1_398' title='bbox 1086 2531 1264 2585; x_wconf 77' lang='lat' dir='ltr'>singulari</span> <span class='ocrx_word' id='word_1_399' title='bbox 1275 2532 1338 2577; x_wconf 46' lang='lat' dir='ltr'>&#39;Af</span> 
     </span>
    </p>
   </div>
  </div>
 </body>
</html>
