1764 3419
338 224 440 269 IN
507 223 1018 269 ToxARIN.
1127 244 1308 292 *457

53 311 137 352 lior.
147 311 251 358 Fuit,
260 324 348 350 cum
362 312 398 350 in
407 311 564 351 Graecis
575 313 700 352 verbis
712 325 780 365 pro
792 311 1002 362 ἀνωμότους
1010 311 1211 364 suspicarer
1220 317 1307 354 ἀνω-

50 367 154 417 μότῳ
168 364 239 404 esse
251 366 447 417 legendum
462 381 470 404 :
488 365 517 403 εἰ
536 365 598 403 καὶ
614 364 751 404 ἄλλους
764 381 821 404 σοι
834 366 932 405 δέκα,
946 366 1027 404 sain
1040 381 1099 405 τις
1111 367 1174 405 ἐπὶ
1188 370 1303 408 πέντε

51 418 428 469 καταριθμήσασῖᾶειι,
436 419 630 469 ἀνωμότῳ,
639 420 669 459 εἰ
680 418 814 464 βούλει·
817 421 854 470 fi
859 421 935 472 quis
945 421 1032 458 alios
1041 422 1147 458 decem
1155 424 1203 458 ad
1210 423 1305 473 quin-

51 487 113 524 que
125 487 341 510 annumerare
352 475 535 511 concederet
549 474 608 510 tibi
621 473 718 511 etiam
732 473 890 520 iniurato,
893 476 932 524 fi
937 474 1058 525 placet.
1076 474 1161 512 Iura
1167 487 1300 514 verant

47 525 184 564 scilicet
195 525 323 570 ambo,
334 524 556 577 Mnefippus
568 538 634 577 per
646 526 779 579 lovqm
794 526 931 572 Φίλιον,
942 527 1107 566 Toxaris
1121 540 1185 577 per
1198 529 1304 567 Ven-

45 590 127 618 tum
145 580 182 618 &
195 578 416 627 Acinacem,
428 578 656 629 Scytharum
670 581 838 625 numina,
852 579 888 619 se
900 581 989 619 nihil
1002 580 1163 620 historiis
1179 583 1305 622 amici-

47 632 185 671 tiarum
199 661 210 679 ‚
229 644 324 684 quas
338 632 489 672 relaturi
501 631 638 678 effem,
658 634 703 671 de
718 632 786 671 suo
800 633 986 673 allituros.
999 634 1189 674 Nimirum
1207 636 1309 675 ἄνᾶν·

44 699 160 736 μοτος
175 684 227 724 est
237 686 419 730 iniuratus,
432 686 468 725 h.
483 698 515 724 e.
527 686 593 738 qui
605 685 679 736 ipse
694 699 770 725 non
785 687 941 735 iuravit,
955 699 996 726 ut
1009 698 1109 740 patet
1124 702 1171 727 ex
1187 689 1302 728 notis-

44 738 141 778 fimo
156 739 222 778 illo
240 739 461 791 Euripideo‚
482 738 521 777 ‘H
539 740 687 792 yhfsscc’
708 741 890 797 &labis-⁰243
904 740 921 781 ἦ
937 741 981 780 s&
994 741 1082 792 φρὴν
1097 743 1293 792 ἀνώμοτος.

43 792 92 832 Et
108 791 181 844 ipse
191 792 328 831 Noster
339 791 453 846 supra
465 805 494 832 c.
517 795 577 839 18,
593 793 657 831 xxi
673 792 738 832 εἴθε
751 791 1087 846 γς,ὧῦ’1ννίο·ιππε,
1103 797 1297 847 ἀνώμστος·

40 845 86 884 ὢν
100 844 230 885 ταῦτα
247 845 388 899 ἔλεγες.
410 845 508 885 Sane
522 846 550 885 fi
565 848 603 885 ὅ(
619 847 679 886 hic
694 848 744 885 ita
764 847 957 900 scripsisset
970 849 1160 889 Lucianus
1174 881 1184 897 ,
1204 851 1296 890 nihil

42 898 141 938 foret
159 900 402 952 culpandum.
425 899 496 938 Sed
515 899 556 938 &
573 913 619 939 ne
639 913 742 940 nunc
762 902 913 952 quidem
929 903 1136 954 quidquam
1162 904 1297 943 sollici-

40 953 210 992 tandum.
233 953 379 992 Etenim
400 952 584 1002 ἀνώμοτος
600 966 677 992 non
703 956 818 994 modo
832 956 863 994 is
877 954 950 1003 est,
963 957 1027 1007 qui
1044 957 1183 997 Latinis
1202 959 1295 997 iniu-

42 1018 137 1046 ratus
146 1021 163 1053 ,·
182 1019 317 1046 verum
333 1007 447 1045 etiarn
462 1007 506 1045 de
519 1019 563 1045 ea
575 1020 616 1046 re
628 1007 778 1054 dicitur,
800 1021 900 1060 quae
916 1009 996 1047 sive
1015 1009 1168 1049 foedere
1179 1041 1190 1057 ,
1212 1011 1295 1051 sive

38 1059 178 1113 paeto,
200 1059 279 1099 sive
298 1059 545 1100 iureiurando
566 1061 823 1113 qualicunque
843 1075 919 1101 non
943 1062 996 1101 est
1021 1065 1293 1116 comprehensa

39 1113 80 1153 δι
96 1113 293 1159 obstri6}a‚
310 1113 363 1164 μὴ
378 1144 388 1159 ,
405 1124 448 1152 ut
462 1113 632 1166 loquitur
644 1114 706 1153 lib.
719 1115 734 1153 1
745 1115 993 1167 Thncydides
1005 1147 1015 1163 ‚
1031 1117 1141 1167 ὅρκοις
1155 1134 1291 1157 κατει-

36 1167 233 1218 λημμένος.
255 1167 314 1207 Sic
325 1180 374 1206 ex
389 1166 648 1207 Demosthene
669 1167 861 1219 profertur
880 1170 928 1208 ab
951 1170 1248 1224 Lexicographis
1271 1170 1302 1212 ἶν’

37 1219 145 1272 εἰρήνη
164 1221 364 1273 ἀνώμοτος,
387 1221 442 1272 (id
453 1222 556 1273 quod
571 1222 726 1261 unicum
742 1223 785 1261 ad
803 1223 1033 1274 probandam
1059 1224 1156 1263 hanc
1176 1225 1290 1265 huius

34 1275 144 1314 vocis
162 1276 362 1314 notionem
377 1275 424 1313 ab
443 1275 487 1313 iis
503 1274 679 1327 affertur)
702 1289 772 1328 pax
785 1276 1029 1316 iureiurando
1049 1290 1126 1316 non
1148 1279 1290 1317 confir-

34 1339 146 1367 mata.
174 1328 227 1367 Ita
245 1341 402 1381 quoque
416 1328 478 1368 hic
497 1327 526 1367 οἱ
544 1327 653 1376 dmm
674 1329 854 1378 ἀνώμοτοι
872 1329 956 1369 sunt
978 1331 1020 1377 ii,
1042 1340 1212 1382 quorum
1231 1333 1289 1370 hi-

34 1380 147 1421 storia
168 1382 261 1421 citra
281 1383 542 1422 iusiurandum
558 1383 598 1423 &
612 1383 883 1434 obligationem
900 1384 984 1423 fidei
999 1384 1109 1436 poffit
1133 1384 1287 1432 referri,

33 1436 207 1475 admixtis
225 1436 336 1475 etiam
355 1434 452 1474 falfis
472 1435 706 1489 quibusdam.
733 1437 906 1477 Eundem
924 1439 1024 1477 hunc
1044 1438 1152 1478 usum
1173 1440 1288 1479 habet

32 1490 219 1540 ἀνώμοτος
232 1489 478 1553 ἱῐετυιηίῑιρυά
490 1489 670 1529 Nostrum
685 1490 796 1535 T.11‚
809 1505 844 1543 p.
861 1505 898 1530 ιι
910 1507 943 1545 3,
960 1492 1025 1530 ubi
1039 1492 1147 1532 causa
1162 1492 1287 1542 datur,

29 1556 148 1596 quare
165 1544 336 1597 Iuppiter
350 1543 579 1595 potiffimum
600 1543 755 1583 insulam
771 1544 912 1584 Delum
934 1546 979 1584 ad
1001 1558 1148 1597 partum
1171 1546 1286 1586 Lato-

30 1609 102 1639 nae
121 1596 258 1637 iufferit
282 1596 466 1637 exfistere.
479 1596 517 1636 ‘H
527 1594 615 1648 Ἥρα,
626 1600 726 1652 γὰρ,
747 1600 871 1651 inquit
894 1600 978 1647 Iris,
1005 1600 1094 1650 ὅρκῳ
1113 1602 1286 1654 μεγάλῳ

28 1650 221 1696 κατέλαβε
233 1650 300 1691 τὴν
317 1650 402 1704 γῆν,
413 1652 464 1702 μὴ
481 1651 701 1705 παρασχεῖν
713 1651 762 1701 τῇ
781 1653 903 1691 Λατοῖ
913 1653 983 1692 τῶν
997 1652 1128 1692 (Mire->v
1146 1650 1283 1693 &vt-oso.

27 1704 116 1758 χήν.
132 1705 151 1745 ἦ
173 1705 290 1745 τοίνυν
306 1705 409 1746 νῆσος
421 1701 520 1745 αὕτη
537 1704 605 1757 (fic
617 1706 715 1744 enim
729 1735 739 1753 ,
754 1719 830 1745 non
844 1703 956 1754 αὗτὴ,
969 1708 1167 1759 legendum
1181 1739 1191 1754 ,
1206 1709 1282 1747 iam

26 1758 266 1811 monuimus)
282 1758 469 1808 ἀνώμοτός
480 1758 596 1799 ἐστιν.
621 1760 697 1798 Hic
713 1772 878 1812 namque
891 1761 1074 1810 ἀνώμοτος
1090 1760 1191 1801 νῆσος
1203 1762 1257 1801 est
1268 1766 1291 1810 ,'

24 1825 124 1865 quae
135 1812 203 1852 isto
214 1812 457 1852 iureiurando
471 1841 481 1856 ,
500 1825 581 1865 quo
594 1813 774 1864 reliquam
792 1826 927 1853 terram
945 1814 1197 1853 obstrinxerat
1219 1816 1282 1854 Iu-

22 1878 93 1913 no,
109 1879 186 1905 non
200 1867 410 1905 tenebatur.
423 1866 513 1905 Non
527 1866 633 1905 latuit
648 1880 805 1920 quoque
820 1869 893 1907 hoc
902 1868 977 1907 Th.
995 1869 1191 1920 Magistro,
1211 1870 1279 1921 qui

23 1919 64 1960 in
74 1933 176 1960 voce
184 1919 399 1970 Ἀπώμοτος
408 1920 458 1958 ita
471 1935 480 1959 :
491 1921 724 1970 'Amynan
734 1921 748 1958 ὃ
759 1922 1069 1975 ἀπηγορευμένος.
1077 1923 1112 1959 Ἀ
1119 1923 1280 1971 νώμοτος

24 1973 87 2020 ἑὲ,
101 1972 190 2012 καὶὸ
204 1973 256 2024 μὴ
272 1974 306 2012 ἐν
325 1974 412 2026 ὅρκῳ
425 1974 691 2025 παραληφθεὶς,
708 1976 771 2014 καὶ
795 1974 872 2024 ὁμὴ
886 1977 1037 2025 ὀμόσας.
1065 1976 1163 2014 Mox
1175 1976 1278 2015 addit

25 2039 112 2068 eum
125 2059 136 2075 ,
150 2039 263 2081 quem
277 2026 522 2066 noviffimum
538 2028 762 2067 adduximus
774 2058 785 2074 ,
809 2029 961 2067 Luciani
974 2030 1117 2068 locum.
1143 2029 1250 2069 IENs.

77 2084 148 2121 ead.
166 2084 188 2120 l.
207 2082 265 2120 16.
278 2080 370 2121 Ὑπὸ
383 2081 546 2128 λέοντος)
567 2082 715 2121 Leones
727 2082 883 2133 Scythia
897 2096 974 2122 non
990 2083 1113 2122 habet.
1137 2083 1197 2136 (In
1214 2082 1277 2123 ad-

21 2134 128 2175 dend.
141 2136 198 2174 ed.
211 2134 374 2188 Graev.)
394 2135 573 2174 MENAG.

82 2189 160 2227 ibid.
177 2185 260 2229 Εῗὲε
275 2189 439 2242 Βάσθην)
458 2188 680 2228 Verifimilia
693 2188 784 2228 haec
796 2201 877 2229 non
895 2189 998 2230 sunt:
1023 2190 1153 2229 leones
1172 2191 1274 2230 enim

19 2241 179 2293 Scythia
194 2254 272 2282 non
288 2242 410 2282 habet.
434 2242 598 2282 GUYET.

78 2297 167 2349 Pag.
187 2296 267 2336 106.
282 2297 305 2334 l.
320 2310 356 2335 2.
376 2296 619 2349 Ἐπιπίπτει)
644 2295 759 2336 Conf.
776 2295 885 2350 supra
897 2310 929 2337 c.
947 2311 1006 2350 39.
1031 2297 1076 2336 Et
1090 2297 1273 2336 hocloco

20 2349 228 2390 ἐπιπίπτει
253 2350 416 2389 maxime
436 2351 632 2402 proprium
649 2349 722 2389 effe
742 2352 918 2396 arbitror,
943 2352 1114 2404 beneque
1136 2351 1271 2400 habet,

17 2404 126 2462 quod
138 2403 227 2442 nihil
240 2404 462 2443 variationis
474 2414 648 2442 notatum
661 2404 829 2444 invenio.
856 2405 999 2444 Rem-2.

21 2468 25 2472 ·
71 2459 143 2497 ead.
158 2458 230 2506 l.4.
254 2457 423 2509 Διείρων)
440 2458 539 2497 Vide
561 2470 664 2509 quae
687 2457 771 2509 post
793 2458 953 2498 Ienfium
978 2460 1025 2499 de
1047 2459 1122 2499 hoc
1144 2458 1269 2499 verbo

14 2510 202 2568 disputavi
220 2510 332 2565 supra
351 2511 396 2552 ad
410 2524 440 2551 c.
463 2525 506 2564 33
526 2511 636 2551 huius
653 2510 755 2553 Dial.
778 2511 920 2555 Rmz.
