1764 3419
257 259 324 303 IN
358 258 599 304 LUCIUM
633 258 773 306 SIVE
807 258 1055 305 ASINUM.
1130 273 1134 276 ’
1185 264 1278 324 489

30 372 50 384 ,ψ
87 346 178 399 Pag.
194 346 278 399 165.
291 347 314 386 l.
330 361 362 386 1.
377 346 605 398 Κατέπινεν)
618 347 669 385 V.
683 345 777 385 infra
790 346 940 385 dicenda
953 347 998 384 ad
1011 359 1042 385 c.
1057 359 1120 395 47.
1133 346 1280 387 Rtlfz.

0 422 2 425 v
31 425 36 443 :
85 403 160 438 ead.
174 400 198 438 l.
213 415 249 448 4.
263 400 448 451 Ἀρσένων)
459 395 600 439 Ἵππων
620 399 692 439 scil.
706 399 872 440 GUYET.

88 455 162 490 ead.
179 454 200 490 l.
218 467 230 491 1
245 466 275 503 5.
290 451 535 504 Ἀκάθαρτον)
550 453 720 502 Impurus,
733 453 756 491 i.
777 465 807 492 e.
816 453 979 505 scelestus.
995 452 1150 490 Terent.
1170 454 1278 491 Anus

31 506 131 553 lzaud
141 506 270 558 impura
283 518 386 552 ,non
399 505 545 544 scelesta
556 536 567 552 ‚
584 519 662 545 non
677 507 774 544 mala
786 536 798 551 ,
812 508 835 543 i.
849 519 881 544 e.
897 508 1008 544 bona.
1025 505 1189 544 (iu-sm.
1209 507 1280 544 Lo-

33 570 104 598 cus
115 558 348 598 Terentiiest
372 559 509 597 Heaut.
533 559 606 604 IV,
626 573 659 605 1,
679 561 736 599 16.
749 560 821 599 Sed
840 559 928 597 nihi!
955 560 1028 597 hoc
1051 561 1155 597 novi.
1168 561 1278 597 'Auz-

35 616 172 662 θαρτος
187 613 270 652 eod.
285 612 402 650 modo
414 612 582 651 occurrit
599 624 632 650 c.
654 625 699 662 32
713 627 766 663 pr.
780 614 819 652 &
833 613 931 650 alibi.
947 612 1092 651 RHTL

91 665 180 718 Pag.
202 666 285 706 166.
303 665 328 704 l.
344 679 401 713 14.
413 665 491 702 Ἐπ’
511 665 590 714 ἐμοὶ
605 665 781 717 mengum)
795 665 940 704 Confer
955 665 1067 718 supra
1091 677 1220 704 notata
1234 665 1279 703 ad

35 717 140 758 Toxss
154 731 187 757 c.
204 732 266 765 20,
279 731 315 770 p.
329 731 419 766 440,
435 717 475 756 δι
488 718 633 757 videbis
646 720 854 770 genitivum
870 718 994 757 casum
1013 719 1072 757 hic
1089 720 1280 757 interdum

34 769 414 824 praeferendum3sed
428 771 490 809 ἐπὶ
507 772 579 810 τινὶ
599 768 691 810 εἶναι
709 771 771 810 vel
784 772 900 811 ἐπεῖναι
922 785 1046 810 tamen
1069 785 1147 810 non
1170 771 1281 810 semel

33 823 245 876 fignificat-e
258 826 316 871 in,
321 825 426 876 super
439 824 567 877 aliquo
580 825 673 863 loco
685 825 766 876 effe,
782 826 843 863 vel
858 827 940 876 poni
952 841 966 871 ‚-
983 826 1066 864 licet
1081 825 1282 865 Gramma-

37 878 102 916 tici
125 890 202 917 non
223 877 309 918 satis
332 879 465 917 idonea
485 877 680 930 proferant
704 878 926 917 testimonia.
940 880 1088 917 Verum
1115 879 1179 917 {er}
1203 879 1284 917 τού·

36 945 115 970 τοις
130 933 257 983 potius
270 931 395 971 valere
403 933 474 983 post
487 934 566 970 baec
576 961 586 977 ‚
601 931 662 970 vel
674 945 808 983 propter
819 934 919 979 haec,
939 932 1014 971 vid.
1030 931 1127 983 supr.
1145 945 1179 971 c.
1198 946 1211 971 1
1224 945 1238 969 1
1256 930 1282 970 f.

36 983 79 1024 &
98 998 140 1032 17
154 998 208 1036 pr.
224 985 322 1024 Nam
341 985 404 1024 ἐπὶ
424 998 510 1024 cum
531 985 601 1023 dat.
619 984 698 1024 five
713 985 823 1024 ablat.
840 986 913 1024 alia
935 984 1119 1037 potestate
1139 984 1210 1025 effe
1228 986 1284 1023 in·

35 1049 89 1078 tra
101 1068 112 1086 ‚
132 1051 172 1076 ut
192 1039 229 1077 in
242 1037 498 1091 vulgatiffimo
514 1037 738 1089 Ερὶξὶεῑὶτὲι
754 1039 814 1089 ἐφ’
835 1033 929 1088 ὑμῖν,
944 1052 1041 1091 quae
1058 1038 1190 1077 suntin
1212 1051 1286 1077 no-

37 1090 113 1140 bis,
128 1091 150 1130 i.
164 1104 198 1131 e.
220 1092 256 1130 in
277 1090 403 1131 nostra
422 1091 626 1143 potestate,
647 1104 762 1131 nemo
782 1093 950 1143 ignorat:
972 1093 1217 1144 componitur
1234 1094 1286 1131 ita

37 1156 126 1184 cum
141 1148 184 1184 τῇ
197 1144 232 1185 ἒν
247 1144 293 1184 ab
309 1145 502 1197 Sophocle
515 1176 526 1191 ‚
544 1157 588 1184 ut
603 1145 722 1184 eidem
736 1146 869 1184 eodem
883 1145 967 1184 casu
984 1146 1205 1197 respondeat
1217 1176 1229 1191 ‚
1246 1146 1285 1184 in

35 1198 223 1250 Antigon.
239 1213 276 1238 v.
293 1201 444 1250 327‚'Et¹
461 1198 579 1237 τοῖο-ιν
592 1197 676 1237 ὠσὶν
699 1198 717 1238 ἦ
733 1198 787 1237 ’πὶ
806 1197 856 1247 τῖι
869 1197 988 1250 ψυχῖι
1001 1199 1144 1249 samm
1163 1199 1204 1238 In
1221 1214 1287 1238 au·

37 1251 187 1302 ribusne,
207 1268 252 1292 an
269 1252 304 1291 in
318 1252 429 1291 animo
441 1253 594 1291 morderis
604 1254 624 1290 Ρ
642 1252 782 1290 RE1Tz.

31 1348 38 1354 ,
90 1307 162 1344 ead.
178 1306 199 1343 l.
217 1306 274 1344 16.
290 1301 430 1359 0321&ss
449 1299 486 1344 {fv
503 1305 676 1358 κατειβ.)
697 1306 779 1345 Ant
794 1305 934 1344 excidit
955 1304 1095 1357 aliquid
1107 1336 1121 1351 ,
1144 1317 1209 1344 aut
1230 1305 1288 1344 le-

39 1360 201 1411 gendum
216 1358 231 1397 ὅ
245 1360 324 1412 γὰρ
337 1359 431 1399 θέον.
445 1358 643 1398 Reinefius
657 1369 763 1412 putat
777 1358 896 1397 deeffe
910 1355 1016 1397 ἕνεκα
1027 1388 1039 1406 ,
1051 1371 1136 1397 ante
1148 1358 1224 1397 τοῦ.
1243 1358 1286 1396 In

32 1413 79 1453 -L.
95 1425 166 1464 pro
187 1411 403 1466 013‚legitur
416 1410 478 1458 οἱ),
497 1413 601 1465 quod
623 1426 704 1464 quo
727 1412 876 1459 valeat,
891 1411 1027 1451 nescio.
1052 1412 1208 1451 SOLAN.
1235 1407 1294 1450 OS

37 1468 114 1519 ,γὰρ
128 1459 165 1506 ῗῖν
184 1467 388 1520 καταβὰς)
405 1465 549 1505 Pridem
566 1466 603 1505 in
626 1477 791 1505 mentem
813 1476 992 1513 venerat,
1011 1465 1208 1517 legendum
1230 1466 1289 1505 hic

35 1533 116 1559 non
131 1515 170 1558 οὗ
183 1550 195 1568 ,
216 1519 276 1559 sed
293 1515 356 1566 οὗ,
374 1519 551 1560 suadente
573 1533 656 1559 turn
676 1519 827 1571 reipsa,
842 1531 923 1558 tum
947 1519 1155 1570 Apuleiana
1176 1532 1290 1571 para-

37 1572 161 1627 phrafi
176 1573 238 1612 lib.
252 1587 289 1624 7,
305 1588 343 1627 p.
361 1587 430 1626 145
445 1574 500 1613 ed.
517 1573 611 1613 Prie.
633 1589 706 1612 cum
720 1575 843 1611 deberet
854 1575 1001 1625 egregius
1015 1573 1119 1625 agaso
1134 1574 1208 1612 διε.
1220 1573 1292 1611 Vi·

37 1628 110 1667 deo
124 1637 251 1666 autem
268 1628 365 1667 idem
380 1626 554 1680 placuiffe
568 1627 655 1666 viro
670 1626 784 1666 (1οᾶὶο
806 1627 961 1666 Miscell.
984 1625 1075 1665 Obs.
1093 1628 1179 1665 Vol.
1195 1627 1234 1671 Ι,
1254 1641 1291 1676 p.

41 1680 114 1729 148
128 1710 138 1726 ‚
155 1681 195 1720 δι
208 1681 303 1720 Vol.
317 1681 374 1728 11,
392 1695 427 1734 p.
442 1695 537 1733 373·,
558 1680 625 1719 nifi
647 1681 751 1733 quod
769 1680 830 1719 ille
850 1680 932 1718 vult
947 1680 1056 1719 etiam
1078 1681 1213 1719 mutari
1237 1679 1292 1718 se-

36 1747 157 1788 quens
176 1735 414 1786 participium
427 1766 439 1783 ‚
457 1734 583 1786 &legi
597 1735 839 1779 καταβάντος
859 1733 920 1772 vel
936 1733 1164 1777 κατοςῐέέιντα
1176 1732 1291 1785 χεῖροι

39 1802 76 1828 κ.
97 1803 136 1828 τ.
157 1798 193 1827 λ.
213 1788 319 1841 quod
338 1789 428 1827 mihi
444 1787 549 1827 secus
567 1789 731 1827 videtur.
750 1788 1044 1826 Nominativum
1066 1787 1123 1826 hic
1145 1800 1185 1826 ut
1202 1789 1291 1825 alias

23 1841 202 1895 ¹pofitum
219 1842 383 1882 arbitror
395 1855 467 1895 pro
479 1841 717 1881 Accusativo
733 1840 882 1887 infiniti,
901 1841 963 1879 vel
974 1839 1208 1880 infinitorum
1225 1853 1293 1890 po-

36 1896 131 1941 tius,
147 1908 246 1948 quae
258 1908 317 1935 res
332 1909 380 1936 eo
395 1895 539 1935 facilius
555 1896 616 1934 hic
631 1896 757 1935 locum
773 1896 898 1940 habet,
915 1907 1002 1933 cum
1018 1894 1198 1949 infleadem
1215 1907 1293 1944 pet·-

36 1948 132 1988 .sona
147 1961 352 1989 maneatur.
363 1947 431 1988 Τοῦ
442 1962 513 2001 pro
528 1948 595 1996 τὴν
610 1948 792 2001 pofitum,
803 1962 890 1988 cum
904 1947 1014 1987 semel
1028 1949 1066 1985 ot}
1079 1948 1113 1985 in
1128 1943 1164 1986 οὗ
1179 1961 1258 1985 tran
1266 1947 1293 1985 s-

41 2002 146 2043 iiffet.
167 2001 206 2042 Si
222 2003 306 2055 quis
325 2004 436 2042 etiarn
460 2003 504 2042 de
523 2002 688 2042 leffione
707 2003 867 2049 dubitet,
886 2002 973 2040 illud
997 2013 1121 2039 tamen
1136 2002 1197 2039 vel
1213 2014 1293 2039 me-

39 2057 215 2097 diocriter
239 2057 451 2096 exercitatis
475 2057 690 2108 apparebit,
722 2056 834 2108 longe
859 2056 1159 2094 commodiorem
1190 2053 1263 2093 effe
1280 2085 1294 2101 ,

41 2123 159 2162 quam
179 2110 347 2149 dedimus
369 2110 554 2150 rationem
576 2122 644 2156 ea,
667 2123 766 2161 quae
789 2110 904 2148 libros
926 2109 1049 2147 adhuc
1070 2109 1290 2159 occupavit.

41 2164 167 2207 GESN.
187 2159 238 2202 Οὗ
262 2166 340 2217 ’γὰρ
362 2156 399 2203 „³⁹1⁴
416 2164 590 2207 καταβὰς
606 2162 675 2202 τοῦ
693 2162 810 2213 χεῖρά,
821 2178 883 2212 μοι
895 2161 1120 2213 brubium)
1144 2163 1269 2200 Video
1282 2191 1296 2206 ‚

42 2218 300 2269 Anonymum
326 2217 512 2270 quendam
534 2218 572 2255 in
592 2216 746 2256 Miscen.
772 2215 867 2258 Obs.
891 2216 983 2255 Brit.
1000 2215 1113 2254 mens.
1139 2217 1238 2266 Sept.
1253 2217 1294 2254 δε

43 2269 132 2311 Οξὶ.
158 2285 278 2323 1732,
294 2283 380 2324 pag.
404 2269 499 2319 148,
521 2271 566 2309 ad
586 2271 678 2310 haec
702 2271 818 2309 verba
839 2269 888 2308 fic
906 2269 1156 2308 commentari
1174 2281 1182 2306 :
1205 2286 1226 2304 n
1240 2263 1293 2306 od

78 2327 122 2377 ἃς
140 2318 180 2364 ἶῖν
197 2325 372 2369 καταβὰς
384 2324 452 2363 τοῦ
473 2323 668 2364 ἐπιέοὗναι
685 2337 762 2363 non
776 2323 828 2363 est
845 2335 939 2376 pura
953 2323 1102 2362 Graeca
1121 2322 1291 2360 locutio:

42 2340 87 2423 ,Ξι
100 2389 290 2430 praeterea
304 2378 329 2416 fi
348 2390 518 2430 repetere
528 2378 688 2417 eundem
703 2376 847 2417 sensum
862 2377 1009 2416 circulo
1027 2376 1136 2415 unius
1151 2374 1298 2425 periodi

43 2433 173 2472 eadem
191 2431 310 2484 phrafi
323 2432 362 2472 δε
375 2431 656 2471 construetione
670 2444 748 2470 non
764 2431 806 2469 stt
821 2431 977 2482 proprie
990 2429 1205 2480 Battologia
1219 2456 1229 2472 ,
1244 2427 1298 2466 fa-

43 2495 130 2526 teor
145 2498 205 2525 me
219 2498 414 2537 nunquam
433 2486 598 2537 aliquam
612 2484 755 2524 vidiffe.
770 2480 844 2523 Οὔκ
861 2477 898 2523 ἦν
918 2483 1092 2526 καταβὰς
1106 2504 1148 2511 -
1170 2481 1183 2519 ὁ
1199 2480 1241 2519 δὲ
1257 2476 1296 2519 οὗ

38 2538 354 2594 κατῆλθεν.χεΐρὲι
370 2554 435 2590 μοι
451 2537 644 2580 ἐπιδοῦναι
659 2561 704 2572 -
725 2534 762 2579 οὔ
786 2537 900 2593 χεῖρα
921 2535 1123 2578 ἑπεὸωκεν.
1145 2534 1302 2578 Benediff
