1764 3419
325 224 393 271 IN
426 224 727 273 SOMNIUM
761 224 874 273 SEU
908 225 1188 279 GALLUM.
1296 229 1392 279 601'

127 321 197 352 tur
210 311 441 354 ἀποσπάσαι
458 315 523 354 vel
536 314 740 354 ἀποτίλλοι
751 344 765 361 ,
777 314 881 367 quod
895 314 1031 354 excidit
1044 314 1208 354 librario.
1220 314 1392 356 Guvm.

132 366 225 406 Non
242 368 356 408 credo
371 367 542 408 excidisse
560 368 774 407 ἀποτίλλοι.
789 368 861 407 Sed
879 368 1046 407 medium
1067 368 1154 419 galli
1174 367 1388 409 sermonem

131 421 292 472 cupidus
314 421 555 473 interrumpit
576 421 779 472 Micyllus:
799 422 1044 461 continuatur
1061 433 1189 460 autem
1205 424 1392 462 orationis

132 472 241 513 filum
253 474 290 513 in
303 473 404 526 seqq.
417 473 660 514 ἀποσπάσας
672 474 745 514 &c.
756 474 938 525 Exempla
949 473 1134 514 eiusmodi
1145 475 1388 526 interruptio-

132 538 226 565 num
239 529 340 580 apud
363 527 546 567 Comicos
559 526 643 566 sunt
663 528 791 567 obvia.
806 527 848 566 In
868 528 1053 567 Terentio
1065 528 1126 567 vel
1141 529 1264 579 pueris
1283 541 1391 569 nota.

131 578 268 620 Similis
287 581 554 622 ἀποσιώπησις
568 582 736 621 occurrit
756 580 884 621 rursus
904 581 1004 621 Dial.
1027 581 1103 635 seq.
1122 581 1281 622 lcarom.
1301 595 1388 635 cap.

136 645 154 671 1
165 645 180 670 1
203 633 270 672 fin.
287 634 434 673 RErrz.
620 679 642 689 Ν

186 686 279 738 Pag.
296 701 314 738 3
324 702 382 740 34.
395 689 418 726 l.
429 686 466 727 8.
477 686 519 727 ‘O
534 686 578 727 st
590 687 691 728 αὖθις
705 710 749 718 -
762 689 816 728 τὰ
829 687 1086 738 καττύματα)
1100 688 1226 728 Locus
1237 687 1303 735 est,
1319 688 1389 740 qui

131 750 195 779 me
207 740 268 779 diu
281 740 389 780 torfit
399 771 410 789 ‚
426 739 641 793 praesertim
658 753 745 781 cum
759 742 848 780 nihil
863 745 898 780 in
912 743 1070 794 antiquo
1082 742 1178 780 libro
1193 743 1280 780 mibi
1299 742 1391 782 effer

131 792 300 844 praesidii
313 794 359 832 ad
371 807 457 834 eum
472 795 772 834 emaculandum.
785 795 883 834 Nam
898 795 1135 847 inquinatum
1151 795 1246 840 ess'e,
1264 796 1389 834 nullus

132 846 364 886 dubitabam.
380 847 483 899 Quis
503 849 602 887 enim
625 848 718 887 haec
737 849 1017 900 interpretetur,
1036 847 1051 885 ὃ
1069 848 1132 894 Σὲ,
1155 849 1390 901 Ιοᾳιιίῐυῃάε

129 897 288 939 Simone
303 901 487 949 cerdone,
504 902 569 953 qui
584 901 813 941 luculentam
826 913 998 941 creverat
1014 901 1275 948 hereditatem,
1289 901 1392 957 αιζθις

128 952 398 1005 περιτρώξεται
420 954 610 994 ἁποπίνων
631 956 684 994 τὰ
706 953 1161 1002 καττύματα.νεηυηῑ,
1181 956 1291 994 atille
1315 972 1389 994 rur-

122 1007 202 1058 sum
213 1007 303 1046 cort'a
315 1008 434 1047 calceis
446 1007 608 1058 affitenda
618 1008 764 1055 obrodet,
785 1009 955 1060 ebibetque.
977 1008 1102 1047 Serice
1117 1019 1183 1047 aut
1202 1008 1387 1059 Scythice

129 1059 159 1099 fi
171 1060 354 1111 interpres
370 1061 522 1100 locutus
534 1061 622 1100 esset
633 1089 645 1109 ‚
664 1074 785 1112 aeque
799 1062 1069 1114 intelligeretur
1085 1074 1129 1100 ac
1142 1075 1242 1102 nunc
1257 1063 1392 1102 intelli-

130 1113 246 1165 gitur.
260 1113 369 1165 Quid
380 1115 482 1153 enim
493 1115 623 1153 ebibet?
643 1115 734 1166 quid
747 1115 873 1154 bibere
886 1116 931 1154 ad
949 1115 1042 1154 corii
1055 1114 1270 1155 rofionem?
1286 1116 1388 1155 Dein

128 1167 196 1206 ubi
208 1168 247 1205 in
260 1167 418 1208 Graecis
432 1168 514 1207 sunt
527 1169 634 1208 coria
647 1168 765 1208 calceis
777 1168 936 1219 afficenda
946 1171 968 1208 ?
981 1166 1218 1217 καττύματα,
1232 1168 1315 1208 sunt
1330 1168 1387 1208 so-

127 1220 211 1260 leae
226 1251 238 1269 ,
255 1233 353 1273 quae
367 1221 502 1261 calceis
518 1221 805 1274 suppinguntur.
819 1222 859 1261 δι
873 1222 1030 1274 pedibus
1043 1233 1228 1261 teruntur.
1244 1224 1297 1261 At
1315 1236 1387 1274 pro

127 1273 322 1315 ἀποπίνων
336 1274 364 1314 fi
375 1276 491 1327 legas,
503 1287 544 1314 ut
557 1275 634 1314 sine
647 1275 767 1314 dubio
777 1275 975 1327 legendum
987 1306 997 1323 ‚
1012 1275 1235 1320 ἀποπινοῦν,
1251 1289 1387 1316 omnes

129 1330 309 1368 tenebrae
327 1328 585 1374 discutientur,
599 1341 696 1380 quae
709 1328 837 1368 locum
857 1328 960 1368 hunc
976 1329 1211 1368 reddiderant
1228 1329 1390 1381 inexpli-

126 1380 300 1421 cabilem.
325 1381 444 1421 Πινὸω
470 1381 523 1421 est
544 1381 714 1421 sordibus
730 1382 916 1433 inquino,
930 1381 1085 1421 maculo
1099 1411 1109 1427 ‚
1127 1382 1318 1421 ἁποπινὸω
1334 1382 1388 1422 est

126 1433 298 1474 sordibus
317 1448 443 1488 purgo
457 1466 468 1483 ,
482 1436 669 1475 emaculo.
689 1433 1154 1486 Hesych.e'‹.7rovr1vofiwa‚
1172 1436 1387 1486 &mpura-oii-

127 1502 207 1527 ται.
224 1488 326 1528 πῖνος
339 1491 416 1541 ’γὰρ
433 1488 449 1526 ὃ
471 1488 597 1540 ῥυπός.
614 1488 883 1528 Ἀποπινοῦτιιι
897 1489 948 1528 est
955 1489 1112 1540 sordibus
1125 1501 1303 1541 purgatur.
1315 1488 1391 1535 Πῒ-ζ

126 1553 184 1582 νος
198 1543 283 1581 enim
299 1542 473 1594 estfhrdes.
485 1542 547 1581 Sic
556 1543 655 1582 hunc
668 1541 853 1593 Hesychii
865 1542 992 1582 locum
1005 1544 1277 1582 emendandum
1290 1543 1385 1583 vidit

125 1594 221 1634 olim
237 1596 287 1635 H.
302 1595 540 1647 Stephanus,
553 1608 640 1635 cum
654 1598 692 1635 in
706 1596 813 1635 editis
831 1595 932 1635 libris
950 1596 1096 1648 legatur
1111 1594 1326 1635 ἁπινοῦτιιι·
1341 1596 1386 1636 &

124 1648 228 1688 reete
253 1648 488 1702 Stephanum
511 1649 656 1702 legisse,
681 1649 743 1689 hic
765 1649 922 1688 Luciani
940 1650 1050 1690 locus
1068 1660 1294 1702 argumento
1318 1649 1386 1688 est.

122 1701 316 1742 Sententia
339 1703 452 1754 igitur
476 1702 718 1743 Graecorum
736 1703 891 1742 Luciani
909 1704 1117 1743 verborum
1144 1703 1236 1741 haec
1253 1701 1326 1743 est:
1342 1714 1382 1740 at

124 1756 180 1794 ille
201 1756 330 1807 rursum
343 1756 462 1807 soleas
482 1758 642 1795 obrodens
653 1756 808 1807 sordibus
823 1769 952 1810 purget.
979 1757 1077 1796 Nam
1098 1756 1247 1796 sutores
1267 1756 1384 1795 etiam

124 1821 195 1849 ore
209 1809 328 1849 soleas
349 1810 590 1862 crepidarum
615 1810 814 1862 lingendo,
829 1811 869 1850 δι
890 1811 916 1849 fi
931 1811 1020 1862 quid
1042 1811 1194 1850 dedecet
1208 1809 1385 1849 dentibus

124 1862 345 1903 abradendo
356 1895 368 1912 ‚
380 1875 422 1902 ut
437 1864 556 1915 magis
576 1864 759 1910 niterent,
778 1863 992 1903 emundasse
1006 1864 1194 1903 videntur.
1208 1863 1384 1903 GRAEV.

124 1915 259 1957 Sermo
273 1916 326 1956 est
343 1918 388 1956 de
403 1917 581 1962 homine,
600 1917 666 1969 qui
682 1930 772 1957 cum
792 1916 916 1956 fuisset
934 1916 1054 1963 sutor,
1071 1918 1179 1957 dives
1202 1916 1330 1968 postea
1344 1929 1383 1955 e·

125 1969 288 2010 vaserat.
302 1971 404 2010 Huic
421 1970 523 2010 bona
536 1969 600 2009 sna
616 1972 759 2021 eripere
775 1971 858 2010 vult
873 1970 1056 2022 Micyllus
1068 2002 1081 2018 ,
1096 1982 1211 2022 atque
1226 1971 1323 2008 adeo
1337 1971 1382 2008 il·

125 2023 156 2064 le
170 2025 285 2064 iterum
296 2054 308 2070 ,
322 2023 444 2077 inquit
454 2053 464 2071 ‚
484 2026 711 2070 circumrodet‚
730 2024 923 2063 ἀποπίνων
933 2026 988 2063 rt&
1001 2023 1253 2073 καττύματα.
1266 2021 1382 2062 Haefi

123 2077 171 2116 ad
193 2077 294 2117 hunc
316 2078 444 2119 locum
468 2090 558 2116 cum
576 2079 662 2117 viro
678 2090 817 2128 magno
836 2076 864 2116 Ι.
880 2077 930 2117 G.
945 2077 1131 2117 Graevio.
1149 2077 1256 2129 Quid
1276 2077 1380 2115 enim

123 2130 176 2170 est
189 2132 386 2170 ἀποπίνειν
399 2133 453 2170 τὰ
466 2130 704 2182 καττύματα
716 2144 728 2178 ;
742 2131 797 2170 At
811 2129 991 2183 sagacitas
1002 2130 1166 2170 eiusdem
1182 2131 1255 2169 viri
1271 2130 1318 2169 cl.
1334 2129 1381 2169 si-

123 2183 162 2222 bi
173 2213 187 2230 ,
204 2185 318 2230 mihi,
331 2186 373 2225 &
383 2185 559 2224 omnibus
572 2185 617 2223 ad
630 2185 723 2223 haec
738 2185 855 2223 verba
869 2185 1155 2229 accedentibus,
1173 2183 1379 2223 leffionem

121 2237 163 2277 δι
177 2236 321 2280 sensum
335 2239 445 2277 huius
457 2239 531 2278 loci
543 2239 751 2290 genuinum
765 2237 1047 2290 pervestigavit,
1066 2248 1179 2277 eruto
1192 2250 1239 2275 ex
1254 2236 1382 2288 Hesy-

120 2290 212 2330 chio
233 2290 513 2337 ἁποπινοῦτοιι,
527 2289 810 2342 ἀπορυποῦται,
819 2291 978 2343 sordibus
991 2303 1172 2344 purgatur,
1197 2290 1378 2341 lekloque

124 2343 330 2385 ἀποπινοῦν
344 2358 416 2398 pro
431 2345 634 2384 ἀποτίνων.
656 2345 728 2384 Sed
748 2357 822 2396 ego
844 2345 988 2395 semper
1002 2345 1155 2396 putavi,
1168 2343 1247 2383 fine
1261 2343 1380 2383 dubio

124 2408 315 2451 typorum
329 2399 428 2439 vitio
438 2429 449 2446 ,
463 2395 668 2438 ἀποπινοῦν
683 2410 755 2450 pro
768 2397 960 2437 ἀποπινῶν
971 2397 1147 2450 scriptum
1164 2396 1236 2436 effe
1250 2396 1286 2435 in
1301 2397 1380 2439 viri

123 2452 173 2491 cl.
197 2451 612 2492 Animadversionibus.
637 2451 736 2491 Nam
758 2450 950 2490 ἀποπινῶν
974 2451 1206 2502 requiritur,
1219 2451 1377 2502 fimlibus

115 2519 280 2560 purgans.
293 2506 426 2560 Atque
443 2504 539 2549 adeo
561 2504 664 2547 nulla
686 2505 879 2547 literarum
894 2504 1105 2546 mutatione
1116 2535 1128 2554 ,
1143 2502 1372 2558 transposito
