1764 3419
469 2513 519 2554 pe
534 2500 683 2542 utrovis
700 2512 810 2541 more
831 2499 1081 2541 inveniuntur
1099 2497 1236 2551 scripta
1246 2523 1259 2544 ,
1281 2497 1332 2536 ita
1352 2507 1395 2536 ut
1410 2495 1577 2544 nescias,
1597 2501 1726 2535 utrum

451 236 540 286 512
634 214 1513 266 ¹ANNOTATIONES

446 303 625 353 utrinque
638 300 896 341 nominativus
909 299 966 348 fit,
980 299 1095 339 etiam
1108 298 1171 340 hic
1180 299 1361 352 utrinque
1374 296 1591 338 accusativo
1601 305 1714 339 uteri:
1755 295 1764 323 '¹

448 357 537 396 dum
555 356 711 394 dixeris:
735 354 794 394 sed
809 355 897 406 quis
918 355 968 392 ait
990 353 1039 391 ita
1058 352 1230 392 servilem
1255 352 1294 390 in
1320 351 1530 392 huiusmodi
1549 352 1623 392 effe
1638 350 1712 392 stili

447 410 638 449 rationem
650 439 662 455 ‚
680 420 722 448 ut
744 407 962 446 varietasin
977 405 1076 446 hisce
1096 406 1200 444 nulla
1213 405 1366 449 admitti
1382 404 1540 444 debeat?
1560 405 1711 446 Rl-:1‘rz'.

502 463 592 514 Pag.
607 475 649 501 21
659 463 693 501 6.
706 463 750 500 l.1
763 459 891 511 ι.Δρῦν
906 474 994 498 τινα
1006 458 1212 511 πολλάκις)
1225 460 1375 498 Lucret.
1389 459 1504 497 L.V1.
1519 459 1712 499 MARCH..

505 519 577 554 ead.
593 516 616 554 l.
641 513 851 565 η.“ῐστ“ον)
875 513 958 552 Cur
983 511 1088 551 iaerzv
1112 513 1237 551 malum
1262 512 1363 550 navis
1387 513 1616 564 receperim,
1637 525 1713 565 pro

449 570 612 620 vulgato
628 567 755 613 ἱστίον,
766 568 889 612 velum,
906 578 1020 605 nemo
1034 566 1298 618 interrogabit,
1312 565 1377 618 qui
1390 566 1579 617 cogitarit,
1596 578 1714 618 quae·

451 635 539 661 nam
555 634 718 672 corpora
741 619 884 659 fulmen
905 619 1071 658 disiicere
1093 630 1206 657 amet.
1225 617 1381 658 Sensisse
1396 619 1434 656 id
1448 620 1598 658 videtur
1617 617 1716 658 Ges-

453 674 671 727 nerus‚qui
694 673 826 727 sponte
850 674 975 712 malum
1001 673 1216 720 convertit3
1234 685 1321 712 cum
1343 683 1452 718 ante,
1480 672 1716 711 navisvelum

451 728 536 821 ἔξω
567 726 725 780 frigide,
744 727 806 767 sed
829 727 876 766 ad
899 726 1101 778 vulgatum
1123 726 1413 765 accommodate
1434 724 1585 765 versum
1611 724 1716 766 effet-

495 792 596 820 ειη.
1714 803 1717 805 -

510 835 601 888 Pag.
616 848 634 872 2
643 848 704 882 17.
717 834 741 872 l.
758 846 792 872 1.
807 835 859 872 Σέ
870 846 914 872 τε
926 831 1012 885 καὶ)
1023 832 1114 871 Νοη
1128 830 1216 871 satis
1226 831 1327 871 refile
1338 830 1440 871 abest
1453 831 1541 870 illud
1553 846 1599 871 τε
1612 831 1649 870 in
1661 830 1717 872 Ο.

454 889 682 941 Euphoniae
700 888 799 927 enim
819 886 933 926 causa
958 887 1016 926 hic
1038 886 1175 925 merito
1199 897 1413 937 comparet,
1434 885 1475 924 δι
1496 885 1583 925 alibi
1601 886 1716 925 etiam

454 942 562 994 saepe
577 953 664 981 ante
679 942 740 980 καὶ
756 942 846 994 poni
865 951 978 979 amat.
992 939 1080 979 Vid.
1102 938 1212 991 supra
1233 939 1279 977 ad
1296 938 1399 978 Tox.
1415 951 1586 992 cap.·30,
1609 938 1651 978 δι
1668 939 1716 979 de

456 996 625 1036 Merced.
643 995 756 1035 cond.
771 1007 803 1033 c.
826 994 887 1034 26.
902 994 973 1033 Sed
985 994 1154 1033 occurrit
1168 991 1313 1032 millies.
1330 993 1472 1032 Rerrz.

510 1052 582 1088 ead.
597 1050 619 1087 l.
632 1047 928 1099 4.Ἀριστει’δ“ης)
943 1047 1089 1086 Notum
1105 1046 1174 1093 est,
1188 1047 1291 1099 quod
1306 1047 1352 1084 de
1362 1059 1414 1086 eo
1428 1046 1548 1086 Corn.
1562 1044 1662 1099 Nep.
1676 1040 1719 1086 iri

456 1104 538 1144 eius
552 1104 631 1142 vita
648 1116 680 1142 c.
697 1114 715 1154 3
735 1101 881 1149 scribit,
903 1101 976 1140 Hic
997 1116 1063 1153 qua
1074 1099 1182 1151 ficerit
1201 1100 1417 1154 abstinentia,
1437 1100 1569 1140 nullum
1587 1102 1632 1154 est
1647 1114 1718 1139 cer-

458 1159 528 1197 tius
542 1156 725 1202 indicium,
742 1171 842 1208 quam
860 1157 970 1208 quod,
987 1169 1061 1194 cum
1085 1154 1191 1193 tantis
1214 1156 1308 1193 rebus
1322 1152 1520 1207 praefiuffit
1528 1182 1541 1199 ,
1561 1153 1597 1191 in
1619 1165 1718 1192 tanta

453 1222 651 1266 paupertate
663 1211 788 1262 decqffit
796 1238 810 1255 ‚
823 1221 862 1247 ut
873 1209 931 1262 qui
952 1207 1128 1260 efferretur,
1144 1208 1207 1246 vix
1228 1208 1401 1260 reliquerit.
1422 1209 1503 1258 Quo
1508 1205 1641 1258 fiu‘lum
1650 1209 1719 1260 'esl‚

457 1278 496 1305 ut
506 1266 605 1317 filiae
625 1265 696 1302 eius
718 1263 848 1316 publice
867 1263 1046 1308 alerentur,
1059 1262 1149 1300 &de
1167 1262 1332 1301 communi
1351 1262 1482 1302 aerario
1501 1261 1635 1300 dotibus
1654 1263 1720 1300 da·-

458 1320 504 1358 tis
526 1319 581 1358 col
588 1320 778 1357 'ocarentun
798 1316 958 1356 REITz..

513 1374 590 1410 ibid.
607 1370 802 1424 Καλλίας)
820 1370 917 1409 Vide
933 1373 1019 1419 Τιμ.
1031 1381 1064 1408 c.
1081 1383 1096 1408 1
1108 1381 1142 1421 ς,
1155 1368 1197 1408 δι
1210 1379 1290 1409 not.
1303 1367 1577 1408 Patrimonium
1590 1366 1720 1407 dissol-

459 1426 553 1465 visse
566 1424 855 1465 &libidinosum
870 1422 976 1462 fuiss'e
986 1452 999 1469 ,
1013 1423 1065 1462 ait
1082 1423 1303 1462 Scholiastes
1317 1421 1562 1475 Aristophan.
1576 1435 1650 1475 232
1666 1420 1721 1462 D.

459 1492 587 1531 eoque
602 1480 756 1517 nomine
772 1492 792 1516 a
803 1477 975 1517 Cornicis
986 1477 1229 1529 exagitatum.
1242 1477 1400 1516 SOLAN.

513 1535 587 1572 ead.
603 1534 626 1571 l.
643 1533 679 1572 6.
704 1530 891 1584 Μειὲίοις)
906 1529 968 1570 De
992 1530 1067 1571 hoc
1085 1529 1240 1571 consule
1261 1530 1414 1570 Scholia
1432 1528 1479 1568 ad
1500 1532 1540 1568 Z.
1557 1532 1618 1581 Τρ.
1635 1539 1721 1582 cap.

462 1587 525 1637 48.
549 1586 706 1626 SOLAN.
1576 1606 1579 1608 -

517 1643 590 1679 ead.
605 1642 628 1679 l.
644 1639 680 1679 8.
695 1637 882 1692 Μέλιτος)
901 1637 1000 1676 Vide
1011 1637 1139 1683 Ἀναβ.
1161 1649 1195 1677 c.
1213 1649 1284 1685 10,
1299 1637 1340 1677 δι
1356 1643 1501 1687 Δημων.
1524 1648 1557 1676 c.
1575 1649 1590 1674 1
1603 1649 1637 1683 1,
1655 1633 1722 1675 ubi

462 1695 564 1734 reste
578 1694 754 1739 Μέλιτος,
779 1693 834 1732 uti
856 1694 896 1731 &
917 1692 1018 1744 apud
1037 1692 1130 1730 alios
1153 1691 1329 1731 anaores
1350 1690 1534 1730 scribitur.
1551 1688 1725 1742 Diogen.

462 1749 589 1789 Laert.
605 1762 642 1800 p.
655 1761 704 1796 42
717 1748 758 1786 δι
777 1761 840 1799 43.
857 1745 945 1784 Plat.
962 1758 1046 1798 pag.
1063 1759 1078 1784 1
1096 1745 1146 1784 A.
1160 1745 1201 1784 &
1220 1743 1350 1798 paffim
1367 1745 1404 1785 in
1419 1741 1537 1796 Apol.
1551 1742 1661 1783 Socr.
1675 1742 1723 1782 In

464 1802 645 1842 omnibus
668 1812 778 1839 antea
799 1801 880 1847 hic,
905 1798 945 1838 δε
971 1807 1055 1838 Am.
1081 1811 1164 1852 cap.
1180 1801 1223 1844 6,
1245 1810 1362 1851 prave
1381 1798 1577 1850 legebatur
1600 1797 1726 1835 Μέληο·

463 1871 537 1895 τος,
555 1856 711 1895 SOLAN.
730 1854 891 1893 Μέλιτος
907 1866 978 1905 pro
997 1850 1156 1906 vulgato
1177 1853 1347 1893 Μέλητος
1365 1851 1590 1904 legendum,
1608 1850 1724 1891 etiam

465 1910 650 1960 Guyetus
664 1918 877 1948 monuerat.
893 1907 1031 1946 Rmz,
1714 1922 1717 1927 ·

521 1964 611 2017 Pag.
627 1976 669 2001 21
679 1962 713 2001 8.
729 1964 752 2000 l.
772 1974 830 2000 12.
843 1962 960 1998 Ἀλλὰ
973 1959 1050 2012 μὴ)
1064 1959 1165 2012 Lege
1175 1957 1324 2010 μᾶλλον
1339 1974 1370 1998 n.
1385 1957 1524 1998 Saltem
1537 1956 1636 1997 idem
1651 1969 1725 1998 vo·

464 2016 572 2057 luisse
588 2017 794 2056 Lucianum
807 2015 989 2062 arbitror,
1001 2026 1045 2052 ac
1057 2012 1085 2051 sl
1097 2014 1148 2052 ita
1159 2012 1343 2066 scriptum
1356 2011 1466 2050 foret.
1480 2011 1636 2051 SOLAN.
1713 2019 1717 2024 '

519 2071 555 2109 in
570 2071 684 2109 Schol.
697 2070 759 2108 col.
775 2082 806 2108 1.
822 2070 845 2106 l.
862 2083 894 2107 2.
909 2066 1035 2123 Λητὼ)
1050 2067 1114 2105 An
1129 2079 1294 2106 uxorem
1311 2066 1447 2119 aliquis
1460 2066 1560 2105 alius
1572 2064 1703 2105 fecerit
1712 2093 1726 2114 ,

464 2124 605 2164 nescio.
620 2124 706 2162 Vid.
721 2129 815 2161 Θυσ.
831 2135 863 2161 c.
881 2133 911 2171 5.
923 2121 1080 2161 SOLAN.
1472 2160 1476 2164 ¹

528 2179 614 2231 Pag.
629 2191 649 2216 2
659 2191 716 2230 ¹9·
729 2178 753 2216 l.
771 2190 800 2215 1.
814 2176 944 2222 Τινὲς)
960 2175 1094 2214 Studio
1105 2184 1304 2214 accentum
1321 2172 1490 2220 servavi,
1508 2172 1577 2226 qui
1591 2171 1629 2211 in
1641 2169 1728 2213 edd'.

469 2232 618 2279 aderat,
633 2241 792 2283 propter
805 2228 1009 2280 emphasin.
1026 2228 1168 2267 Rau-z.
1711 2249 1714 2253 -

527 2286 616 2337 Pag.
634 2298 718 2324 220.
731 2285 752 2323 l.
766 2298 801 2334 9.
817 2281 986 2332 Ἀφὺιιτῳ
997 2284 1014 2331 )
1027 2282 1089 2322 Sic
1103 2283 1176 2321 iam
1188 2281 1269 2320 edd.
1282 2279 1384 2320 re&e
1393 2309 1405 2329 ‚
1423 2292 1511 2320 cum
1524 2277 1636 2331 supra
1649 2291 1686 2319 c.
1703 2289 1720 2318 1

469 2335 645 2380 ἄυευκτα,
665 2337 884 2377 scriberent:
899 2337 1005 2389 quod
1022 2337 1073 2376 ibi
1093 2335 1243 2389 quidem
1265 2335 1436 2380 mutavi,
1457 2344 1500 2372 ut
1519 2333 1726 2386 orthogra-

469 2393 558 2446 phia
571 2392 639 2431 fibi
652 2391 780 2431 similis
790 2389 891 2430 esset.
904 2391 1002 2429 Vide
1013 2419 1025 2436 ,
1040 2402 1138 2442 quae
1150 2390 1201 2428 ibi
1215 2399 1404 2428 notamus.
1418 2387 1510 2426 Non
1523 2396 1650 2426 tamen
1672 2383 1727 2426 est

470 2446 644 2492 Juvat-rhu,
657 2446 752 2485 idem
770 2445 912 2497 ubique
924 2445 959 2482 in
975 2445 1052 2483 aliis
1063 2445 1176 2483 etiam
1188 2443 1318 2482 verbis
1329 2440 1528 2494 praestare,
1541 2452 1640 2493 quae
1653 2438 1729 2479 sae-
