<?xml version="1.0" encoding="UTF-8"?>
<!DOCTYPE html PUBLIC "-//W3C//DTD XHTML 1.0 Transitional//EN"
    "http://www.w3.org/TR/xhtml1/DTD/xhtml1-transitional.dtd">
<html xmlns="http://www.w3.org/1999/xhtml" xml:lang="en" lang="en">
 <head>
  <title>
</title>
<meta http-equiv="Content-Type" content="text/html;charset=utf-8" />
  <meta name='ocr-system' content='tesseract 3.04.00' />
  <meta name='ocr-capabilities' content='ocr_page ocr_carea ocr_par ocr_line ocrx_word'/>
</head>
<body>
  <div class='ocr_page' id='page_1' title='image "./operagraeceetlat06luciuoft/operagraeceetlat06luciuoft_0568.png"; bbox 0 0 1764 3419; ppageno 0'>
   <div class='ocr_carea' id='block_1_1' title="bbox 448 224 1512 289">
    <p class='ocr_par' dir='ltr' id='par_1_1' title="bbox 448 224 1512 289">
     <span class='ocr_line' id='line_1_1' title="bbox 448 224 1512 289; baseline 0 -15"><span class='ocrx_word' id='word_1_1' title='bbox 448 227 539 289; x_wconf 80' lang='lat'>556</span> <span class='ocrx_word' id='word_1_2' title='bbox 647 224 1512 276; x_wconf 77' lang='lat' dir='ltr'><strong>ANNOTATIONES</strong></span> 
     </span>
    </p>
   </div>
   <div class='ocr_carea' id='block_1_2' title="bbox 429 314 1709 2573">
    <p class='ocr_par' dir='ltr' id='par_1_2' title="bbox 429 314 1709 2573">
     <span class='ocr_line' id='line_1_2' title="bbox 500 314 1700 368; baseline 0.006 -16"><span class='ocrx_word' id='word_1_3' title='bbox 500 315 589 368; x_wconf 77' lang='lat' dir='ltr'>Pag.</span> <span class='ocrx_word' id='word_1_4' title='bbox 606 315 693 354; x_wconf 90' lang='lat'><em>282.</em></span> <span class='ocrx_word' id='word_1_5' title='bbox 706 317 729 354; x_wconf 90' lang='lat' dir='ltr'>l.</span> <span class='ocrx_word' id='word_1_6' title='bbox 747 330 781 355; x_wconf 88' lang='lat'>2.</span> <span class='ocrx_word' id='word_1_7' title='bbox 799 314 1020 368; x_wconf 78' lang='grc' dir='ltr'><strong><em>Χαρίεντας)</em></strong></span> <span class='ocrx_word' id='word_1_8' title='bbox 1042 315 1117 358; x_wconf 81' lang='lat' dir='ltr'>Pro</span> <span class='ocrx_word' id='word_1_9' title='bbox 1138 317 1275 355; x_wconf 79' lang='lat' dir='ltr'>eruditis</span> <span class='ocrx_word' id='word_1_10' title='bbox 1297 329 1341 356; x_wconf 92' lang='lat' dir='ltr'>ac</span> <span class='ocrx_word' id='word_1_11' title='bbox 1359 316 1479 367; x_wconf 75' lang='lat' dir='ltr'>politis</span> <span class='ocrx_word' id='word_1_12' title='bbox 1499 316 1700 359; x_wconf 77' lang='lat' dir='ltr'>habuimus</span> 
     </span>
     <span class='ocr_line' id='line_1_3' title="bbox 429 366 1701 422; baseline 0.004 -16"><span class='ocrx_word' id='word_1_13' title='bbox 429 366 574 419; x_wconf 78' lang='lat' dir='ltr'>,supra,</span> <span class='ocrx_word' id='word_1_14' title='bbox 595 367 745 422; x_wconf 85' lang='lat' dir='ltr'>Quom.</span> <span class='ocrx_word' id='word_1_15' title='bbox 765 369 856 408; x_wconf 85' lang='lat' dir='ltr'>Hist.</span> <span class='ocrx_word' id='word_1_16' title='bbox 875 382 906 408; x_wconf 92' lang='lat' dir='ltr'>c.</span> <span class='ocrx_word' id='word_1_17' title='bbox 926 372 985 416; x_wconf 84' lang='lat'>16,</span> <span class='ocrx_word' id='word_1_18' title='bbox 996 379 1103 418; x_wconf 67' lang='grc' dir='ltr'>αλλῳ</span> <span class='ocrx_word' id='word_1_19' title='bbox 1119 368 1164 408; x_wconf 61' lang='grc' dir='ltr'>ἒέ</span> <span class='ocrx_word' id='word_1_20' title='bbox 1178 384 1251 409; x_wconf 80' lang='grc' dir='ltr'><strong><em>τινι</em></strong></span> <span class='ocrx_word' id='word_1_21' title='bbox 1265 371 1454 422; x_wconf 83' lang='grc' dir='ltr'><strong><em>χαριέντι,</em></strong></span> <span class='ocrx_word' id='word_1_22' title='bbox 1470 369 1532 408; x_wconf 77' lang='grc' dir='ltr'>καὶ</span> <span class='ocrx_word' id='word_1_23' title='bbox 1544 369 1701 411; x_wconf 61' lang='lat' dir='ltr'>sumce-</span> 
     </span>
     <span class='ocr_line' id='line_1_4' title="bbox 444 421 1699 474; baseline 0.005 -14"><span class='ocrx_word' id='word_1_24' title='bbox 444 423 543 470; x_wconf 84' lang='grc' dir='ltr'><em>μένῳ</em></span> <span class='ocrx_word' id='word_1_25' title='bbox 564 421 723 474; x_wconf 65' lang='grc' dir='ltr'><strong><em>ἱστορίαν</em></strong></span> <span class='ocrx_word' id='word_1_26' title='bbox 733 423 1097 473; x_wconf 63' lang='grc' dir='ltr'>μεταχειρίσασθαι</span> <span class='ocrx_word' id='word_1_27' title='bbox 1116 424 1411 474; x_wconf 68' lang='grc' dir='ltr'><strong><em>προπεπονηκώς.</em></strong></span> <span class='ocrx_word' id='word_1_28' title='bbox 1439 424 1515 463; x_wconf 90' lang='lat' dir='ltr'>Ubi</span> <span class='ocrx_word' id='word_1_29' title='bbox 1527 423 1604 465; x_wconf 82' lang='lat' dir='ltr'>vid.</span> <span class='ocrx_word' id='word_1_30' title='bbox 1617 435 1699 466; x_wconf 85' lang='lat' dir='ltr'>not.</span> 
     </span>
     <span class='ocr_line' id='line_1_5' title="bbox 447 474 1699 530; baseline 0.002 -15"><span class='ocrx_word' id='word_1_31' title='bbox 447 474 609 515; x_wconf 85' lang='lat' dir='ltr'>Graevii</span> <span class='ocrx_word' id='word_1_32' title='bbox 628 489 838 528; x_wconf 88' lang='lat' dir='ltr'><strong>meamque.</strong></span> <span class='ocrx_word' id='word_1_33' title='bbox 852 476 1044 516; x_wconf 88' lang='lat' dir='ltr'>Gesnerus</span> <span class='ocrx_word' id='word_1_34' title='bbox 1056 475 1129 515; x_wconf 87' lang='lat' dir='ltr'>illic</span> <span class='ocrx_word' id='word_1_35' title='bbox 1149 476 1323 523; x_wconf 85' lang='lat' dir='ltr'>reddidit,</span> <span class='ocrx_word' id='word_1_36' title='bbox 1338 478 1473 530; x_wconf 78' lang='lat' dir='ltr'>venusto</span> <span class='ocrx_word' id='word_1_37' title='bbox 1482 491 1499 523; x_wconf 89' lang='lat'><em>;</em></span> <span class='ocrx_word' id='word_1_38' title='bbox 1517 477 1577 515; x_wconf 82' lang='lat' dir='ltr'>hic</span> <span class='ocrx_word' id='word_1_39' title='bbox 1597 478 1699 517; x_wconf 78' lang='lat' dir='ltr'>hone·</span> 
     </span>
     <span class='ocr_line' id='line_1_6' title="bbox 442 528 1699 582; baseline 0.002 -14"><span class='ocrx_word' id='word_1_40' title='bbox 442 530 526 580; x_wconf 82' lang='lat' dir='ltr'>flos,</span> <span class='ocrx_word' id='word_1_41' title='bbox 550 529 572 568; x_wconf 85' lang='lat' dir='ltr'>i.</span> <span class='ocrx_word' id='word_1_42' title='bbox 584 541 618 567; x_wconf 90' lang='lat' dir='ltr'>e.</span> <span class='ocrx_word' id='word_1_43' title='bbox 631 530 845 580; x_wconf 84' lang='lat' dir='ltr'>digniores,</span> <span class='ocrx_word' id='word_1_44' title='bbox 868 530 972 582; x_wconf 89' lang='lat' dir='ltr'>quod</span> <span class='ocrx_word' id='word_1_45' title='bbox 986 529 1076 568; x_wconf 89' lang='lat' dir='ltr'>huic</span> <span class='ocrx_word' id='word_1_46' title='bbox 1090 528 1180 568; x_wconf 92' lang='lat' dir='ltr'>loco</span> <span class='ocrx_word' id='word_1_47' title='bbox 1200 530 1517 577; x_wconf 61' lang='lat' dir='ltr'>convenientum,</span> <span class='ocrx_word' id='word_1_48' title='bbox 1530 529 1597 569; x_wconf 85' lang='lat' dir='ltr'>etfi</span> <span class='ocrx_word' id='word_1_49' title='bbox 1611 541 1699 571; x_wconf 86' lang='lat' dir='ltr'>eru·</span> 
     </span>
     <span class='ocr_line' id='line_1_7' title="bbox 450 582 1701 636; baseline 0.005 -17"><span class='ocrx_word' id='word_1_50' title='bbox 450 582 518 620; x_wconf 82' lang='lat' dir='ltr'>diti</span> <span class='ocrx_word' id='word_1_51' title='bbox 531 594 609 619; x_wconf 91' lang='lat' dir='ltr'>non</span> <span class='ocrx_word' id='word_1_52' title='bbox 622 582 884 622; x_wconf 82' lang='lat' dir='ltr'>excludantur.</span> <span class='ocrx_word' id='word_1_53' title='bbox 898 583 1005 622; x_wconf 87' lang='lat' dir='ltr'>Adde</span> <span class='ocrx_word' id='word_1_54' title='bbox 1017 582 1169 623; x_wconf 89' lang='lat' dir='ltr'>Barnes.</span> <span class='ocrx_word' id='word_1_55' title='bbox 1182 583 1227 621; x_wconf 92' lang='lat' dir='ltr'>ad</span> <span class='ocrx_word' id='word_1_56' title='bbox 1240 584 1379 622; x_wconf 89' lang='lat' dir='ltr'>Anacr.</span> <span class='ocrx_word' id='word_1_57' title='bbox 1393 597 1431 622; x_wconf 89' lang='lat' dir='ltr'>v.</span> <span class='ocrx_word' id='word_1_58' title='bbox 1444 583 1522 636; x_wconf 77' lang='lat'>894</span> <span class='ocrx_word' id='word_1_59' title='bbox 1534 584 1573 622; x_wconf 78' lang='grc' dir='ltr'>δι</span> <span class='ocrx_word' id='word_1_60' title='bbox 1589 596 1604 621; x_wconf 84' lang='grc' dir='ltr'>ι</span> <span class='ocrx_word' id='word_1_61' title='bbox 1615 598 1701 636; x_wconf 83' lang='lat'>192.</span> 
     </span>
     <span class='ocr_line' id='line_1_8' title="bbox 450 633 1702 690; baseline 0.003 -17"><span class='ocrx_word' id='word_1_62' title='bbox 450 634 635 674; x_wconf 84' lang='lat' dir='ltr'>Nostrum</span> <span class='ocrx_word' id='word_1_63' title='bbox 651 634 759 688; x_wconf 87' lang='lat' dir='ltr'>supra</span> <span class='ocrx_word' id='word_1_64' title='bbox 783 649 815 675; x_wconf 93' lang='lat' dir='ltr'>c.</span> <span class='ocrx_word' id='word_1_65' title='bbox 835 635 857 674; x_wconf 92' lang='lat'>8</span> <span class='ocrx_word' id='word_1_66' title='bbox 870 666 882 682; x_wconf 95' lang='lat'>‚</span> <span class='ocrx_word' id='word_1_67' title='bbox 903 637 969 675; x_wconf 90' lang='lat' dir='ltr'>ubi</span> <span class='ocrx_word' id='word_1_68' title='bbox 983 637 1182 690; x_wconf 72' lang='grc' dir='ltr'>χαρίεντες</span> <span class='ocrx_word' id='word_1_69' title='bbox 1198 636 1263 674; x_wconf 72' lang='grc' dir='ltr'>καὶ</span> <span class='ocrx_word' id='word_1_70' title='bbox 1283 633 1513 688; x_wconf 69' lang='grc' dir='ltr'>εὐπρόσωποι</span> <span class='ocrx_word' id='word_1_71' title='bbox 1536 638 1702 690; x_wconf 85' lang='lat' dir='ltr'>iungun-</span> 
     </span>
     <span class='ocr_line' id='line_1_9' title="bbox 449 688 1703 743; baseline 0.006 -19"><span class='ocrx_word' id='word_1_72' title='bbox 449 699 526 733; x_wconf 75' lang='lat' dir='ltr'>tur,</span> <span class='ocrx_word' id='word_1_73' title='bbox 540 689 714 740; x_wconf 85' lang='lat' dir='ltr'>adeoque</span> <span class='ocrx_word' id='word_1_74' title='bbox 734 689 836 741; x_wconf 88' lang='lat' dir='ltr'>prius</span> <span class='ocrx_word' id='word_1_75' title='bbox 853 690 901 728; x_wconf 91' lang='lat' dir='ltr'>ibi</span> <span class='ocrx_word' id='word_1_76' title='bbox 917 701 1019 729; x_wconf 87' lang='lat' dir='ltr'>certe</span> <span class='ocrx_word' id='word_1_77' title='bbox 1031 691 1200 743; x_wconf 78' lang='lat' dir='ltr'>venustum</span> <span class='ocrx_word' id='word_1_78' title='bbox 1220 688 1417 742; x_wconf 76' lang='lat' dir='ltr'>significat,</span> <span class='ocrx_word' id='word_1_79' title='bbox 1443 691 1468 729; x_wconf 85' lang='lat' dir='ltr'>i.</span> <span class='ocrx_word' id='word_1_80' title='bbox 1483 703 1518 730; x_wconf 88' lang='lat' dir='ltr'>e.</span> <span class='ocrx_word' id='word_1_81' title='bbox 1535 691 1595 730; x_wconf 90' lang='lat' dir='ltr'>cui</span> <span class='ocrx_word' id='word_1_82' title='bbox 1608 691 1703 732; x_wconf 78' lang='lat' dir='ltr'>inest</span> 
     </span>
     <span class='ocr_line' id='line_1_10' title="bbox 446 742 1701 794; baseline 0.003 -13"><span class='ocrx_word' id='word_1_83' title='bbox 446 743 732 781; x_wconf 83' lang='lat' dir='ltr'>commendatio</span> <span class='ocrx_word' id='word_1_84' title='bbox 745 755 788 782; x_wconf 90' lang='lat' dir='ltr'>ac</span> <span class='ocrx_word' id='word_1_85' title='bbox 803 743 959 794; x_wconf 80' lang='lat' dir='ltr'>dignitas</span> <span class='ocrx_word' id='word_1_86' title='bbox 973 756 1143 791; x_wconf 86' lang='lat' dir='ltr'>morum,</span> <span class='ocrx_word' id='word_1_87' title='bbox 1157 742 1361 794; x_wconf 87' lang='lat' dir='ltr'>vultusque</span> <span class='ocrx_word' id='word_1_88' title='bbox 1374 743 1548 783; x_wconf 89' lang='lat' dir='ltr'>liberalis.</span> <span class='ocrx_word' id='word_1_89' title='bbox 1560 744 1701 786; x_wconf 63' lang='lat' dir='ltr'>Rurrz.</span> 
     </span>
     <span class='ocr_line' id='line_1_11' title="bbox 504 792 1703 849; baseline 0.005 -17"><span class='ocrx_word' id='word_1_90' title='bbox 504 798 577 833; x_wconf 81' lang='lat' dir='ltr'>ead.</span> <span class='ocrx_word' id='word_1_91' title='bbox 592 796 615 834; x_wconf 91' lang='lat' dir='ltr'>l.</span> <span class='ocrx_word' id='word_1_92' title='bbox 627 809 664 848; x_wconf 89' lang='lat'>9.</span> <span class='ocrx_word' id='word_1_93' title='bbox 678 797 963 846; x_wconf 78' lang='grc' dir='ltr'><strong><em>Ἐντρυφῶντες,</em></strong></span> <span class='ocrx_word' id='word_1_94' title='bbox 977 797 1040 835; x_wconf 75' lang='grc' dir='ltr'>καὶ</span> <span class='ocrx_word' id='word_1_95' title='bbox 1055 796 1129 836; x_wconf 73' lang='grc' dir='ltr'>τόν</span> <span class='ocrx_word' id='word_1_96' title='bbox 1145 794 1235 846; x_wconf 51' lang='lat' dir='ltr'>{mie</span> <span class='ocrx_word' id='word_1_97' title='bbox 1247 792 1384 836; x_wconf 76' lang='grc' dir='ltr'><strong><em>αὐτοὺς</em></strong></span> <span class='ocrx_word' id='word_1_98' title='bbox 1397 797 1703 849; x_wconf 67' lang='grc' dir='ltr'>καταπτύοντες)</span> 
     </span>
     <span class='ocr_line' id='line_1_12' title="bbox 447 845 1704 906; baseline 0.006 -21"><span class='ocrx_word' id='word_1_99' title='bbox 447 845 542 886; x_wconf 68' lang='lat' dir='ltr'>‘Tvr&#39;</span> <span class='ocrx_word' id='word_1_100' title='bbox 555 845 690 888; x_wconf 68' lang='grc' dir='ltr'><strong><em>αὐτοὺς</em></strong></span> <span class='ocrx_word' id='word_1_101' title='bbox 706 850 904 902; x_wconf 84' lang='lat' dir='ltr'>legendum</span> <span class='ocrx_word' id='word_1_102' title='bbox 917 851 1079 890; x_wconf 87' lang='lat' dir='ltr'>videtur.</span> <span class='ocrx_word' id='word_1_103' title='bbox 1090 850 1256 891; x_wconf 63' lang='lat' dir='ltr'>Gux‘n.</span> <span class='ocrx_word' id='word_1_104' title='bbox 1279 849 1365 889; x_wconf 86' lang='lat' dir='ltr'>Sine</span> <span class='ocrx_word' id='word_1_105' title='bbox 1378 850 1498 890; x_wconf 90' lang='lat' dir='ltr'>dubio</span> <span class='ocrx_word' id='word_1_106' title='bbox 1510 852 1704 906; x_wconf 88' lang='lat' dir='ltr'>corrigen-</span> 
     </span>
     <span class='ocr_line' id='line_1_13' title="bbox 448 899 1706 957; baseline 0.006 -18"><span class='ocrx_word' id='word_1_107' title='bbox 448 901 540 940; x_wconf 91' lang='lat' dir='ltr'>dum</span> <span class='ocrx_word' id='word_1_108' title='bbox 555 899 620 941; x_wconf 73' lang='grc' dir='ltr'>ὑπ’</span> <span class='ocrx_word' id='word_1_109' title='bbox 631 899 770 943; x_wconf 76' lang='grc' dir='ltr'><strong><em>αὐτοῖς.</em></strong></span> <span class='ocrx_word' id='word_1_110' title='bbox 789 903 896 956; x_wconf 85' lang='lat' dir='ltr'>Quid</span> <span class='ocrx_word' id='word_1_111' title='bbox 909 905 1009 942; x_wconf 88' lang='lat' dir='ltr'>enim</span> <span class='ocrx_word' id='word_1_112' title='bbox 1023 906 1037 945; x_wconf 90' lang='lat'>?</span> <span class='ocrx_word' id='word_1_113' title='bbox 1051 904 1110 942; x_wconf 89' lang='lat' dir='ltr'>An</span> <span class='ocrx_word' id='word_1_114' title='bbox 1127 914 1302 957; x_wconf 87' lang='lat' dir='ltr'>potentes</span> <span class='ocrx_word' id='word_1_115' title='bbox 1314 904 1366 943; x_wconf 92' lang='lat' dir='ltr'>illi</span> <span class='ocrx_word' id='word_1_116' title='bbox 1378 903 1418 943; x_wconf 90' lang='lat'>&amp;</span> <span class='ocrx_word' id='word_1_117' title='bbox 1428 904 1706 956; x_wconf 84' lang='lat' dir='ltr'>delicatulieos,</span> 
     </span>
     <span class='ocr_line' id='line_1_14' title="bbox 449 955 1706 1010; baseline 0.005 -17"><span class='ocrx_word' id='word_1_118' title='bbox 449 956 516 1006; x_wconf 89' lang='lat' dir='ltr'>qui</span> <span class='ocrx_word' id='word_1_119' title='bbox 530 955 564 994; x_wconf 92' lang='lat' dir='ltr'>se</span> <span class='ocrx_word' id='word_1_120' title='bbox 578 958 740 996; x_wconf 84' lang='lat' dir='ltr'>maiores</span> <span class='ocrx_word' id='word_1_121' title='bbox 760 969 889 1002; x_wconf 86' lang='lat' dir='ltr'>erant,</span> <span class='ocrx_word' id='word_1_122' title='bbox 910 957 1186 997; x_wconf 83' lang='lat' dir='ltr'>contumeliose</span> <span class='ocrx_word' id='word_1_123' title='bbox 1205 956 1443 997; x_wconf 86' lang='lat' dir='ltr'>habuerunt?</span> <span class='ocrx_word' id='word_1_124' title='bbox 1469 957 1594 1001; x_wconf 87' lang='lat' dir='ltr'>Immo</span> <span class='ocrx_word' id='word_1_125' title='bbox 1613 971 1706 1010; x_wconf 88' lang='lat' dir='ltr'>eos,</span> 
     </span>
     <span class='ocr_line' id='line_1_15' title="bbox 451 1008 1708 1064; baseline 0.005 -17"><span class='ocrx_word' id='word_1_126' title='bbox 451 1009 516 1060; x_wconf 90' lang='lat' dir='ltr'>qui</span> <span class='ocrx_word' id='word_1_127' title='bbox 533 1008 600 1048; x_wconf 84' lang='lat' dir='ltr'>fibi</span> <span class='ocrx_word' id='word_1_128' title='bbox 618 1010 770 1051; x_wconf 68' lang='lat' dir='ltr'>subieEti</span> <span class='ocrx_word' id='word_1_129' title='bbox 782 1022 903 1058; x_wconf 88' lang='lat' dir='ltr'>erant,</span> <span class='ocrx_word' id='word_1_130' title='bbox 920 1010 1042 1063; x_wconf 88' lang='lat' dir='ltr'>(quod</span> <span class='ocrx_word' id='word_1_131' title='bbox 1059 1013 1103 1051; x_wconf 89' lang='lat' dir='ltr'>ad</span> <span class='ocrx_word' id='word_1_132' title='bbox 1117 1011 1412 1064; x_wconf 82' lang='lat' dir='ltr'>Sardanapalum</span> <span class='ocrx_word' id='word_1_133' title='bbox 1433 1013 1601 1053; x_wconf 47' lang='lat' dir='ltr'>maxime*</span> <span class='ocrx_word' id='word_1_134' title='bbox 1612 1011 1708 1053; x_wconf 85' lang='lat' dir='ltr'>refe-</span> 
     </span>
     <span class='ocr_line' id='line_1_16' title="bbox 449 1063 1703 1118; baseline 0.003 -17"><span class='ocrx_word' id='word_1_135' title='bbox 449 1063 630 1116; x_wconf 89' lang='lat' dir='ltr'>rendum)</span> <span class='ocrx_word' id='word_1_136' title='bbox 643 1065 881 1104; x_wconf 87' lang='lat' dir='ltr'>contumeliis</span> <span class='ocrx_word' id='word_1_137' title='bbox 896 1064 1095 1105; x_wconf 87' lang='lat' dir='ltr'>insolenter</span> <span class='ocrx_word' id='word_1_138' title='bbox 1110 1065 1393 1118; x_wconf 84' lang='lat' dir='ltr'>proculcarunt.</span> <span class='ocrx_word' id='word_1_139' title='bbox 1413 1065 1521 1104; x_wconf 77' lang='lat' dir='ltr'>ltNS.</span> <span class='ocrx_word' id='word_1_140' title='bbox 1543 1064 1622 1115; x_wconf 73' lang='grc' dir='ltr'>Ὑφ’</span> <span class='ocrx_word' id='word_1_141' title='bbox 1634 1064 1703 1105; x_wconf 81' lang='grc' dir='ltr'>αὐ-</span> 
     </span>
     <span class='ocr_line' id='line_1_17' title="bbox 451 1115 1706 1160; baseline 0.006 -7"><span class='ocrx_word' id='word_1_142' title='bbox 451 1116 531 1156; x_wconf 77' lang='grc' dir='ltr'><strong><em>τοῖς</em></strong></span> <span class='ocrx_word' id='word_1_143' title='bbox 552 1116 620 1156; x_wconf 88' lang='lat' dir='ltr'>Ms.</span> <span class='ocrx_word' id='word_1_144' title='bbox 635 1117 712 1157; x_wconf 79' lang='lat' dir='ltr'>Ox.</span> <span class='ocrx_word' id='word_1_145' title='bbox 728 1119 838 1159; x_wconf 65' lang='lat' dir='ltr'>recle.</span> <span class='ocrx_word' id='word_1_146' title='bbox 857 1118 897 1157; x_wconf 84' lang='lat' dir='ltr'>In</span> <span class='ocrx_word' id='word_1_147' title='bbox 912 1117 950 1157; x_wconf 92' lang='lat' dir='ltr'>P.</span> <span class='ocrx_word' id='word_1_148' title='bbox 966 1115 1031 1156; x_wconf 68' lang='grc' dir='ltr'>ὑπ’</span> <span class='ocrx_word' id='word_1_149' title='bbox 1051 1115 1197 1158; x_wconf 71' lang='grc' dir='ltr'><strong><em>αὐτούς.</em></strong></span> <span class='ocrx_word' id='word_1_150' title='bbox 1219 1117 1363 1158; x_wconf 84' lang='lat' dir='ltr'>lenfius</span> <span class='ocrx_word' id='word_1_151' title='bbox 1374 1115 1439 1157; x_wconf 68' lang='grc' dir='ltr'>ὑπ’</span> <span class='ocrx_word' id='word_1_152' title='bbox 1451 1116 1583 1158; x_wconf 71' lang='grc' dir='ltr'><strong><em>αὐτοῖς</em></strong></span> <span class='ocrx_word' id='word_1_153' title='bbox 1595 1120 1706 1160; x_wconf 84' lang='lat' dir='ltr'>vole-</span> 
     </span>
     <span class='ocr_line' id='line_1_18' title="bbox 449 1170 1706 1226; baseline 0.005 -18"><span class='ocrx_word' id='word_1_154' title='bbox 449 1170 527 1208; x_wconf 85' lang='lat' dir='ltr'>bat.</span> <span class='ocrx_word' id='word_1_155' title='bbox 556 1171 640 1223; x_wconf 85' lang='lat' dir='ltr'>Ego</span> <span class='ocrx_word' id='word_1_156' title='bbox 659 1172 772 1211; x_wconf 83' lang='lat' dir='ltr'>etiam</span> <span class='ocrx_word' id='word_1_157' title='bbox 797 1174 833 1211; x_wconf 91' lang='lat' dir='ltr'>in</span> <span class='ocrx_word' id='word_1_158' title='bbox 853 1172 1144 1212; x_wconf 65' lang='grc' dir='ltr'>καταπτύοντες</span> <span class='ocrx_word' id='word_1_159' title='bbox 1166 1172 1307 1225; x_wconf 89' lang='lat' dir='ltr'>aliquid</span> <span class='ocrx_word' id='word_1_160' title='bbox 1327 1173 1451 1212; x_wconf 89' lang='lat' dir='ltr'>mendi</span> <span class='ocrx_word' id='word_1_161' title='bbox 1469 1173 1585 1213; x_wconf 87' lang='lat' dir='ltr'>latere</span> <span class='ocrx_word' id='word_1_162' title='bbox 1597 1183 1706 1226; x_wconf 89' lang='lat' dir='ltr'>puto.</span> 
     </span>
     <span class='ocr_line' id='line_1_19' title="bbox 449 1222 1705 1278; baseline 0.004 -16"><span class='ocrx_word' id='word_1_163' title='bbox 449 1222 595 1263; x_wconf 83' lang='lat' dir='ltr'>Forsan</span> <span class='ocrx_word' id='word_1_164' title='bbox 611 1224 747 1277; x_wconf 88' lang='lat' dir='ltr'>scriptu</span> <span class='ocrx_word' id='word_1_165' title='bbox 753 1240 787 1265; x_wconf 90' lang='lat' dir='ltr'>m</span> <span class='ocrx_word' id='word_1_166' title='bbox 800 1226 922 1266; x_wconf 82' lang='lat' dir='ltr'>fuerat</span> <span class='ocrx_word' id='word_1_167' title='bbox 933 1226 1260 1272; x_wconf 74' lang='grc' dir='ltr'><strong><em>καταπατῶντες,</em></strong></span> <span class='ocrx_word' id='word_1_168' title='bbox 1279 1226 1332 1265; x_wconf 90' lang='lat' dir='ltr'>uti</span> <span class='ocrx_word' id='word_1_169' title='bbox 1352 1225 1461 1278; x_wconf 85' lang='lat' dir='ltr'>supra</span> <span class='ocrx_word' id='word_1_170' title='bbox 1471 1226 1615 1266; x_wconf 80' lang='lat' dir='ltr'>dixerat</span> <span class='ocrx_word' id='word_1_171' title='bbox 1626 1242 1705 1267; x_wconf 71' lang='grc' dir='ltr'>πα-</span> 
     </span>
     <span class='ocr_line' id='line_1_20' title="bbox 447 1279 1704 1327; baseline 0.003 -10"><span class='ocrx_word' id='word_1_172' title='bbox 447 1280 660 1327; x_wconf 77' lang='grc' dir='ltr'><strong><em>τουμένους.</em></strong></span> <span class='ocrx_word' id='word_1_173' title='bbox 677 1279 791 1319; x_wconf 88' lang='lat' dir='ltr'>Certe</span> <span class='ocrx_word' id='word_1_174' title='bbox 813 1281 923 1320; x_wconf 89' lang='lat' dir='ltr'>aliter</span> <span class='ocrx_word' id='word_1_175' title='bbox 949 1280 1043 1320; x_wconf 92' lang='lat' dir='ltr'>solet</span> <span class='ocrx_word' id='word_1_176' title='bbox 1064 1279 1234 1320; x_wconf 85' lang='lat' dir='ltr'>construi</span> <span class='ocrx_word' id='word_1_177' title='bbox 1255 1280 1474 1319; x_wconf 68' lang='grc' dir='ltr'><strong><em>καταπτύει</em></strong></span> <span class='ocrx_word' id='word_1_178' title='bbox 1496 1280 1559 1320; x_wconf 90' lang='lat' dir='ltr'>vel</span> <span class='ocrx_word' id='word_1_179' title='bbox 1580 1294 1704 1321; x_wconf 68' lang='lat' dir='ltr'>urat.-</span> 
     </span>
     <span class='ocr_line' id='line_1_21' title="bbox 450 1332 1706 1385; baseline 0.004 -16"><span class='ocrx_word' id='word_1_180' title='bbox 450 1346 640 1382; x_wconf 69' lang='grc' dir='ltr'><strong><em>πτυομαι.</em></strong></span> <span class='ocrx_word' id='word_1_181' title='bbox 661 1335 758 1373; x_wconf 88' lang='lat' dir='ltr'>Vide</span> <span class='ocrx_word' id='word_1_182' title='bbox 772 1345 852 1373; x_wconf 90' lang='lat' dir='ltr'>not.</span> <span class='ocrx_word' id='word_1_183' title='bbox 865 1335 908 1374; x_wconf 91' lang='lat' dir='ltr'>ad</span> <span class='ocrx_word' id='word_1_184' title='bbox 923 1339 963 1373; x_wconf 85' lang='lat' dir='ltr'>N.</span> <span class='ocrx_word' id='word_1_185' title='bbox 977 1342 1022 1373; x_wconf 86' lang='grc' dir='ltr'>Δ.</span> <span class='ocrx_word' id='word_1_186' title='bbox 1036 1335 1121 1374; x_wconf 91' lang='grc' dir='ltr'>ΧΧ.</span> <span class='ocrx_word' id='word_1_187' title='bbox 1147 1334 1302 1374; x_wconf 72' lang='grc' dir='ltr'><strong>δοιΑΝ.</strong></span> <span class='ocrx_word' id='word_1_188' title='bbox 1320 1332 1472 1385; x_wconf 87' lang='lat' dir='ltr'>(Immo</span> <span class='ocrx_word' id='word_1_189' title='bbox 1484 1334 1586 1374; x_wconf 73' lang='grc' dir='ltr'>τεὲὶε</span> <span class='ocrx_word' id='word_1_190' title='bbox 1625 1335 1706 1374; x_wconf 90' lang='lat' dir='ltr'>eni·</span> 
     </span>
     <span class='ocr_line' id='line_1_22' title="bbox 451 1385 1706 1440; baseline 0.004 -17"><span class='ocrx_word' id='word_1_191' title='bbox 451 1385 538 1424; x_wconf 79' lang='lat' dir='ltr'>tivo</span> <span class='ocrx_word' id='word_1_192' title='bbox 550 1387 748 1440; x_wconf 82' lang='lat' dir='ltr'>iungitur.)</span> <span class='ocrx_word' id='word_1_193' title='bbox 771 1389 859 1427; x_wconf 89' lang='lat' dir='ltr'>Non</span> <span class='ocrx_word' id='word_1_194' title='bbox 876 1388 1049 1427; x_wconf 91' lang='lat' dir='ltr'>dubitavi</span> <span class='ocrx_word' id='word_1_195' title='bbox 1073 1389 1143 1427; x_wconf 62' lang='grc' dir='ltr'>ὺπὶ</span> <span class='ocrx_word' id='word_1_196' title='bbox 1162 1400 1234 1440; x_wconf 90' lang='lat' dir='ltr'>pro</span> <span class='ocrx_word' id='word_1_197' title='bbox 1251 1386 1343 1438; x_wconf 64' lang='grc' dir='ltr'>ὑπὲρ</span> <span class='ocrx_word' id='word_1_198' title='bbox 1359 1400 1407 1426; x_wconf 88' lang='lat' dir='ltr'>ex</span> <span class='ocrx_word' id='word_1_199' title='bbox 1420 1387 1572 1427; x_wconf 87' lang='lat' dir='ltr'>duobus</span> <span class='ocrx_word' id='word_1_200' title='bbox 1619 1388 1706 1429; x_wconf 89' lang='lat' dir='ltr'>odd.</span> 
     </span>
     <span class='ocr_line' id='line_1_23' title="bbox 449 1440 1704 1492; baseline 0.005 -16"><span class='ocrx_word' id='word_1_201' title='bbox 449 1440 632 1489; x_wconf 85' lang='lat' dir='ltr'>recipere.</span> <span class='ocrx_word' id='word_1_202' title='bbox 644 1443 748 1492; x_wconf 87' lang='lat' dir='ltr'>quod</span> <span class='ocrx_word' id='word_1_203' title='bbox 764 1441 874 1480; x_wconf 78' lang='lat' dir='ltr'>Iensii</span> <span class='ocrx_word' id='word_1_204' title='bbox 884 1441 923 1481; x_wconf 77' lang='grc' dir='ltr'>δι</span> <span class='ocrx_word' id='word_1_205' title='bbox 936 1441 1087 1492; x_wconf 88' lang='lat' dir='ltr'>Guyeti</span> <span class='ocrx_word' id='word_1_206' title='bbox 1100 1441 1359 1480; x_wconf 58' lang='lat' dir='ltr'>coniecturam</span> <span class='ocrx_word' id='word_1_207' title='bbox 1373 1440 1593 1490; x_wconf 85' lang='lat' dir='ltr'>confirmat,</span> <span class='ocrx_word' id='word_1_208' title='bbox 1607 1441 1704 1485; x_wconf 72' lang='lat' dir='ltr'>&amp;ad</span> 
     </span>
     <span class='ocr_line' id='line_1_24' title="bbox 448 1491 1704 1549; baseline 0.004 -19"><span class='ocrx_word' id='word_1_209' title='bbox 448 1491 598 1532; x_wconf 68' lang='lat' dir='ltr'>lenium</span> <span class='ocrx_word' id='word_1_210' title='bbox 623 1495 852 1546; x_wconf 88' lang='lat' dir='ltr'>requiritur:</span> <span class='ocrx_word' id='word_1_211' title='bbox 881 1509 967 1534; x_wconf 88' lang='lat' dir='ltr'>nam</span> <span class='ocrx_word' id='word_1_212' title='bbox 985 1494 1053 1534; x_wconf 77' lang='lat' dir='ltr'>etsi</span> <span class='ocrx_word' id='word_1_213' title='bbox 1063 1493 1127 1533; x_wconf 73' lang='grc' dir='ltr'>ὑπ’</span> <span class='ocrx_word' id='word_1_214' title='bbox 1145 1491 1295 1540; x_wconf 75' lang='grc' dir='ltr'><strong><em>αὐτοῖς,</em></strong></span> <span class='ocrx_word' id='word_1_215' title='bbox 1317 1495 1421 1547; x_wconf 93' lang='lat' dir='ltr'>quod</span> <span class='ocrx_word' id='word_1_216' title='bbox 1437 1495 1481 1534; x_wconf 83' lang='lat' dir='ltr'>ad</span> <span class='ocrx_word' id='word_1_217' title='bbox 1494 1495 1704 1549; x_wconf 86' lang='lat' dir='ltr'>orthogra-</span> 
     </span>
     <span class='ocr_line' id='line_1_25' title="bbox 450 1545 1706 1601; baseline 0.005 -18"><span class='ocrx_word' id='word_1_218' title='bbox 450 1545 594 1598; x_wconf 66' lang='lat' dir='ltr'>phiam,</span> <span class='ocrx_word' id='word_1_219' title='bbox 610 1561 768 1601; x_wconf 90' lang='lat' dir='ltr'>quoque</span> <span class='ocrx_word' id='word_1_220' title='bbox 782 1562 870 1588; x_wconf 90' lang='lat' dir='ltr'>cum</span> <span class='ocrx_word' id='word_1_221' title='bbox 885 1548 1008 1588; x_wconf 85' lang='lat' dir='ltr'>lenfio</span> <span class='ocrx_word' id='word_1_222' title='bbox 1021 1549 1081 1588; x_wconf 90' lang='lat' dir='ltr'>hic</span> <span class='ocrx_word' id='word_1_223' title='bbox 1094 1547 1173 1588; x_wconf 86' lang='lat' dir='ltr'>fere</span> <span class='ocrx_word' id='word_1_224' title='bbox 1186 1547 1432 1601; x_wconf 88' lang='lat' dir='ltr'>praeferrem,</span> <span class='ocrx_word' id='word_1_225' title='bbox 1449 1548 1563 1589; x_wconf 86' lang='lat' dir='ltr'>satius</span> <span class='ocrx_word' id='word_1_226' title='bbox 1578 1559 1706 1589; x_wconf 83' lang='lat' dir='ltr'>tamen</span> 
     </span>
     <span class='ocr_line' id='line_1_26' title="bbox 449 1599 1703 1654; baseline 0.005 -17"><span class='ocrx_word' id='word_1_227' title='bbox 449 1599 540 1638; x_wconf 77' lang='lat' dir='ltr'>duxi</span> <span class='ocrx_word' id='word_1_228' title='bbox 553 1601 706 1641; x_wconf 89' lang='lat' dir='ltr'>Codicis</span> <span class='ocrx_word' id='word_1_229' title='bbox 719 1604 936 1653; x_wconf 71' lang='lat' dir='ltr'>:cripturam</span> <span class='ocrx_word' id='word_1_230' title='bbox 950 1602 1054 1654; x_wconf 89' lang='lat' dir='ltr'>sequi</span> <span class='ocrx_word' id='word_1_231' title='bbox 1070 1633 1080 1650; x_wconf 88' lang='lat'><strong>‚</strong></span> <span class='ocrx_word' id='word_1_232' title='bbox 1095 1615 1193 1654; x_wconf 87' lang='lat' dir='ltr'>quae</span> <span class='ocrx_word' id='word_1_233' title='bbox 1205 1601 1348 1642; x_wconf 88' lang='lat' dir='ltr'>sensum</span> <span class='ocrx_word' id='word_1_234' title='bbox 1362 1603 1481 1642; x_wconf 82' lang='lat' dir='ltr'>reddit</span> <span class='ocrx_word' id='word_1_235' title='bbox 1494 1602 1636 1642; x_wconf 86' lang='lat' dir='ltr'>sanum.</span> <span class='ocrx_word' id='word_1_236' title='bbox 1657 1603 1703 1643; x_wconf 86' lang='lat' dir='ltr'>Et</span> 
     </span>
     <span class='ocr_line' id='line_1_27' title="bbox 449 1652 1705 1708; baseline 0.003 -17"><span class='ocrx_word' id='word_1_237' title='bbox 449 1652 540 1692; x_wconf 81' lang='lat' dir='ltr'>licet</span> <span class='ocrx_word' id='word_1_238' title='bbox 553 1656 752 1708; x_wconf 78' lang='lat' dir='ltr'>vulgatum</span> <span class='ocrx_word' id='word_1_239' title='bbox 767 1653 858 1708; x_wconf 64' lang='grc' dir='ltr'>ὑπὲρ</span> <span class='ocrx_word' id='word_1_240' title='bbox 869 1655 1022 1702; x_wconf 72' lang='grc' dir='ltr'>αὐτοὺς,</span> <span class='ocrx_word' id='word_1_241' title='bbox 1043 1657 1092 1695; x_wconf 91' lang='lat' dir='ltr'>ab</span> <span class='ocrx_word' id='word_1_242' title='bbox 1104 1655 1278 1697; x_wconf 88' lang='lat' dir='ltr'>Gesnero</span> <span class='ocrx_word' id='word_1_243' title='bbox 1297 1655 1528 1697; x_wconf 91' lang='lat' dir='ltr'>conversum</span> <span class='ocrx_word' id='word_1_244' title='bbox 1539 1686 1550 1705; x_wconf 93' lang='lat'><strong>,</strong></span> <span class='ocrx_word' id='word_1_245' title='bbox 1570 1657 1607 1695; x_wconf 75' lang='lat'>6·</span> <span class='ocrx_word' id='word_1_246' title='bbox 1617 1658 1705 1697; x_wconf 86' lang='lat' dir='ltr'>mul-</span> 
     </span>
     <span class='ocr_line' id='line_1_28' title="bbox 451 1708 1703 1763; baseline 0.005 -18"><span class='ocrx_word' id='word_1_247' title='bbox 451 1720 520 1746; x_wconf 86' lang='lat' dir='ltr'>tum</span> <span class='ocrx_word' id='word_1_248' title='bbox 529 1708 569 1758; x_wconf 75' lang='lat' dir='ltr'>sie</span> <span class='ocrx_word' id='word_1_249' title='bbox 580 1711 837 1762; x_wconf 72' lang='lat' dir='ltr'>praestantiores</span> <span class='ocrx_word' id='word_1_250' title='bbox 858 1712 949 1749; x_wconf 79' lang='lat' dir='ltr'>viros</span> <span class='ocrx_word' id='word_1_251' title='bbox 966 1709 1180 1763; x_wconf 76' lang='lat' dir='ltr'>despuentes,</span> <span class='ocrx_word' id='word_1_252' title='bbox 1202 1711 1329 1763; x_wconf 80' lang='lat' dir='ltr'>primo</span> <span class='ocrx_word' id='word_1_253' title='bbox 1346 1709 1521 1762; x_wconf 63' lang='lat' dir='ltr'>adspefiu</span> <span class='ocrx_word' id='word_1_254' title='bbox 1539 1711 1703 1763; x_wconf 82' lang='lat' dir='ltr'>probum</span> 
     </span>
     <span class='ocr_line' id='line_1_29' title="bbox 448 1763 1705 1818; baseline 0.004 -19"><span class='ocrx_word' id='word_1_255' title='bbox 448 1763 640 1810; x_wconf 84' lang='lat' dir='ltr'>videatur,</span> <span class='ocrx_word' id='word_1_256' title='bbox 664 1776 710 1803; x_wconf 93' lang='lat' dir='ltr'>ac</span> <span class='ocrx_word' id='word_1_257' title='bbox 726 1764 824 1803; x_wconf 86' lang='lat' dir='ltr'>Dial.</span> <span class='ocrx_word' id='word_1_258' title='bbox 839 1763 912 1818; x_wconf 91' lang='lat' dir='ltr'>seq.</span> <span class='ocrx_word' id='word_1_259' title='bbox 929 1774 1042 1818; x_wconf 90' lang='lat' dir='ltr'>atque</span> <span class='ocrx_word' id='word_1_260' title='bbox 1058 1764 1158 1816; x_wconf 87' lang='lat' dir='ltr'>apud</span> <span class='ocrx_word' id='word_1_261' title='bbox 1176 1765 1273 1804; x_wconf 84' lang='lat' dir='ltr'>alios</span> <span class='ocrx_word' id='word_1_262' title='bbox 1285 1764 1399 1804; x_wconf 88' lang='lat' dir='ltr'>etiam</span> <span class='ocrx_word' id='word_1_263' title='bbox 1409 1763 1485 1805; x_wconf 92' lang='lat' dir='ltr'>hoc</span> <span class='ocrx_word' id='word_1_264' title='bbox 1495 1763 1705 1817; x_wconf 74' lang='lat' dir='ltr'>significatu</span> 
     </span>
     <span class='ocr_line' id='line_1_30' title="bbox 448 1818 1706 1872; baseline 0.006 -19"><span class='ocrx_word' id='word_1_265' title='bbox 448 1827 648 1865; x_wconf 83' lang='lat' dir='ltr'>occurrat3</span> <span class='ocrx_word' id='word_1_266' title='bbox 671 1830 796 1857; x_wconf 83' lang='lat' dir='ltr'>tamen</span> <span class='ocrx_word' id='word_1_267' title='bbox 821 1831 897 1856; x_wconf 86' lang='lat' dir='ltr'>rem</span> <span class='ocrx_word' id='word_1_268' title='bbox 919 1819 1075 1871; x_wconf 79' lang='lat' dir='ltr'>propius</span> <span class='ocrx_word' id='word_1_269' title='bbox 1098 1818 1259 1857; x_wconf 90' lang='lat' dir='ltr'>intuenti</span> <span class='ocrx_word' id='word_1_270' title='bbox 1275 1819 1438 1871; x_wconf 90' lang='lat' dir='ltr'>patebit,</span> <span class='ocrx_word' id='word_1_271' title='bbox 1459 1829 1609 1872; x_wconf 88' lang='lat' dir='ltr'>quanto</span> <span class='ocrx_word' id='word_1_272' title='bbox 1629 1831 1706 1872; x_wconf 87' lang='lat' dir='ltr'>po-</span> 
     </span>
     <span class='ocr_line' id='line_1_31' title="bbox 446 1869 1706 1926; baseline 0.004 -19"><span class='ocrx_word' id='word_1_273' title='bbox 446 1869 524 1908; x_wconf 85' lang='lat' dir='ltr'>tior</span> <span class='ocrx_word' id='word_1_274' title='bbox 542 1870 586 1909; x_wconf 87' lang='lat' dir='ltr'>fit</span> <span class='ocrx_word' id='word_1_275' title='bbox 608 1871 720 1911; x_wconf 49' lang='lat' dir='ltr'>lectio</span> <span class='ocrx_word' id='word_1_276' title='bbox 736 1871 916 1911; x_wconf 82' lang='lat' dir='ltr'>restituta.</span> <span class='ocrx_word' id='word_1_277' title='bbox 948 1871 1080 1924; x_wconf 86' lang='lat' dir='ltr'>Quem</span> <span class='ocrx_word' id='word_1_278' title='bbox 1097 1873 1218 1920; x_wconf 88' lang='lat' dir='ltr'>enim,</span> <span class='ocrx_word' id='word_1_279' title='bbox 1233 1871 1396 1924; x_wconf 86' lang='lat' dir='ltr'>quaeso,</span> <span class='ocrx_word' id='word_1_280' title='bbox 1415 1871 1527 1926; x_wconf 91' lang='lat' dir='ltr'>supra</span> <span class='ocrx_word' id='word_1_281' title='bbox 1541 1871 1577 1911; x_wconf 93' lang='lat' dir='ltr'>se</span> <span class='ocrx_word' id='word_1_282' title='bbox 1591 1872 1706 1912; x_wconf 84' lang='lat' dir='ltr'>habe-</span> 
     </span>
     <span class='ocr_line' id='line_1_32' title="bbox 449 1923 1705 1979; baseline 0.005 -19"><span class='ocrx_word' id='word_1_283' title='bbox 449 1923 516 1962; x_wconf 85' lang='lat' dir='ltr'>bat</span> <span class='ocrx_word' id='word_1_284' title='bbox 535 1924 811 1978; x_wconf 76' lang='lat' dir='ltr'>sardanapalus</span> <span class='ocrx_word' id='word_1_285' title='bbox 831 1925 1040 1978; x_wconf 79' lang='lat' dir='ltr'>similesque</span> <span class='ocrx_word' id='word_1_286' title='bbox 1059 1925 1243 1976; x_wconf 87' lang='lat' dir='ltr'>tyranni?</span> <span class='ocrx_word' id='word_1_287' title='bbox 1266 1938 1365 1965; x_wconf 87' lang='lat' dir='ltr'>anne</span> <span class='ocrx_word' id='word_1_288' title='bbox 1376 1938 1474 1965; x_wconf 88' lang='lat' dir='ltr'>vero</span> <span class='ocrx_word' id='word_1_289' title='bbox 1491 1925 1646 1979; x_wconf 79' lang='lat' dir='ltr'>simplex</span> <span class='ocrx_word' id='word_1_290' title='bbox 1664 1927 1705 1967; x_wconf 79' lang='grc' dir='ltr'>δι</span> 
     </span>
     <span class='ocr_line' id='line_1_33' title="bbox 448 1978 1705 2027; baseline 0.006 -14"><span class='ocrx_word' id='word_1_291' title='bbox 448 1989 541 2016; x_wconf 82' lang='lat' dir='ltr'>vera</span> <span class='ocrx_word' id='word_1_292' title='bbox 553 1978 604 2018; x_wconf 89' lang='lat' dir='ltr'>est</span> <span class='ocrx_word' id='word_1_293' title='bbox 614 1980 794 2026; x_wconf 77' lang='lat' dir='ltr'>narratio,</span> <span class='ocrx_word' id='word_1_294' title='bbox 807 1992 895 2019; x_wconf 89' lang='lat' dir='ltr'>eum</span> <span class='ocrx_word' id='word_1_295' title='bbox 912 1992 1045 2019; x_wconf 89' lang='lat' dir='ltr'>omnes</span> <span class='ocrx_word' id='word_1_296' title='bbox 1058 1978 1224 2019; x_wconf 85' lang='lat' dir='ltr'>subditos</span> <span class='ocrx_word' id='word_1_297' title='bbox 1237 1978 1509 2019; x_wconf 88' lang='lat' dir='ltr'>contumeliose</span> <span class='ocrx_word' id='word_1_298' title='bbox 1522 1978 1705 2027; x_wconf 61' lang='lat' dir='ltr'>traRaffe,</span> 
     </span>
     <span class='ocr_line' id='line_1_34' title="bbox 449 2029 1704 2086; baseline 0.004 -18"><span class='ocrx_word' id='word_1_299' title='bbox 449 2029 567 2083; x_wconf 82' lang='lat' dir='ltr'>iisque</span> <span class='ocrx_word' id='word_1_300' title='bbox 582 2032 794 2073; x_wconf 80' lang='lat' dir='ltr'>insultaffe?</span> <span class='ocrx_word' id='word_1_301' title='bbox 810 2033 957 2073; x_wconf 87' lang='lat' dir='ltr'>Demus</span> <span class='ocrx_word' id='word_1_302' title='bbox 969 2045 1110 2080; x_wconf 86' lang='lat' dir='ltr'>tamen,</span> <span class='ocrx_word' id='word_1_303' title='bbox 1121 2033 1225 2084; x_wconf 90' lang='lat' dir='ltr'>quod</span> <span class='ocrx_word' id='word_1_304' title='bbox 1236 2034 1362 2086; x_wconf 85' lang='lat' dir='ltr'>negari</span> <span class='ocrx_word' id='word_1_305' title='bbox 1377 2046 1455 2073; x_wconf 90' lang='lat' dir='ltr'>non</span> <span class='ocrx_word' id='word_1_306' title='bbox 1467 2033 1604 2086; x_wconf 80' lang='lat' dir='ltr'>potest,</span> <span class='ocrx_word' id='word_1_307' title='bbox 1615 2046 1704 2073; x_wconf 88' lang='lat' dir='ltr'>eum</span> 
     </span>
     <span class='ocr_line' id='line_1_35' title="bbox 447 2085 1707 2140; baseline 0.004 -18"><span class='ocrx_word' id='word_1_308' title='bbox 447 2086 564 2124; x_wconf 87' lang='lat' dir='ltr'>etiam</span> <span class='ocrx_word' id='word_1_309' title='bbox 582 2087 674 2125; x_wconf 83' lang='lat' dir='ltr'>viris</span> <span class='ocrx_word' id='word_1_310' title='bbox 687 2085 724 2125; x_wconf 90' lang='lat' dir='ltr'>se</span> <span class='ocrx_word' id='word_1_311' title='bbox 738 2087 960 2126; x_wconf 83' lang='lat' dir='ltr'>melioribus</span> <span class='ocrx_word' id='word_1_312' title='bbox 970 2085 1166 2127; x_wconf 81' lang='lat' dir='ltr'>insultasse.</span> <span class='ocrx_word' id='word_1_313' title='bbox 1181 2087 1235 2125; x_wconf 85' lang='lat' dir='ltr'>At</span> <span class='ocrx_word' id='word_1_314' title='bbox 1246 2087 1320 2126; x_wconf 85' lang='lat' dir='ltr'>hoc</span> <span class='ocrx_word' id='word_1_315' title='bbox 1330 2086 1450 2140; x_wconf 89' lang='lat' dir='ltr'>ipsum</span> <span class='ocrx_word' id='word_1_316' title='bbox 1463 2088 1536 2126; x_wconf 88' lang='lat' dir='ltr'>iam</span> <span class='ocrx_word' id='word_1_317' title='bbox 1548 2100 1628 2127; x_wconf 90' lang='lat' dir='ltr'>non</span> <span class='ocrx_word' id='word_1_318' title='bbox 1639 2099 1707 2127; x_wconf 89' lang='lat' dir='ltr'>ex·</span> 
     </span>
     <span class='ocr_line' id='line_1_36' title="bbox 447 2137 1707 2193; baseline 0.006 -17"><span class='ocrx_word' id='word_1_319' title='bbox 447 2137 634 2178; x_wconf 82' lang='lat' dir='ltr'>cluditur:</span> <span class='ocrx_word' id='word_1_320' title='bbox 650 2153 734 2178; x_wconf 83' lang='lat' dir='ltr'>nam</span> <span class='ocrx_word' id='word_1_321' title='bbox 756 2141 852 2179; x_wconf 81' lang='lat' dir='ltr'>inter</span> <span class='ocrx_word' id='word_1_322' title='bbox 867 2141 1049 2193; x_wconf 87' lang='lat' dir='ltr'>dignitate</span> <span class='ocrx_word' id='word_1_323' title='bbox 1063 2139 1261 2180; x_wconf 87' lang='lat' dir='ltr'>inferiores</span> <span class='ocrx_word' id='word_1_324' title='bbox 1275 2141 1386 2180; x_wconf 87' lang='lat' dir='ltr'>etiam</span> <span class='ocrx_word' id='word_1_325' title='bbox 1399 2151 1507 2180; x_wconf 89' lang='lat' dir='ltr'>erant</span> <span class='ocrx_word' id='word_1_326' title='bbox 1519 2141 1707 2183; x_wconf 80' lang='lat' dir='ltr'>meliores.</span> 
     </span>
     <span class='ocr_line' id='line_1_37' title="bbox 448 2191 1708 2247; baseline 0.003 -16"><span class='ocrx_word' id='word_1_327' title='bbox 448 2191 702 2234; x_wconf 88' lang='lat' dir='ltr'>Contemserit</span> <span class='ocrx_word' id='word_1_328' title='bbox 719 2193 951 2247; x_wconf 70' lang='lat' dir='ltr'>p=·aefe&amp;um</span> <span class='ocrx_word' id='word_1_329' title='bbox 972 2193 1180 2233; x_wconf 60' lang='lat' dir='ltr'>ArbaRum</span> <span class='ocrx_word' id='word_1_330' title='bbox 1195 2193 1483 2247; x_wconf 85' lang='lat' dir='ltr'>Sardanapalus‚</span> <span class='ocrx_word' id='word_1_331' title='bbox 1501 2194 1562 2234; x_wconf 88' lang='lat' dir='ltr'>sed</span> <span class='ocrx_word' id='word_1_332' title='bbox 1578 2195 1708 2235; x_wconf 89' lang='lat' dir='ltr'>melio-</span> 
     </span>
     <span class='ocr_line' id='line_1_38' title="bbox 448 2247 1708 2300; baseline 0.004 -17"><span class='ocrx_word' id='word_1_333' title='bbox 448 2258 553 2292; x_wconf 87' lang='lat' dir='ltr'>rem,</span> <span class='ocrx_word' id='word_1_334' title='bbox 579 2247 683 2300; x_wconf 91' lang='lat' dir='ltr'>(vid.</span> <span class='ocrx_word' id='word_1_335' title='bbox 710 2247 833 2287; x_wconf 82' lang='lat' dir='ltr'>lustin.</span> <span class='ocrx_word' id='word_1_336' title='bbox 858 2248 897 2294; x_wconf 89' lang='lat'>1,</span> <span class='ocrx_word' id='word_1_337' title='bbox 921 2248 984 2299; x_wconf 92' lang='lat'>2.)</span> <span class='ocrx_word' id='word_1_338' title='bbox 1004 2248 1179 2299; x_wconf 86' lang='lat' dir='ltr'>ambigue</span> <span class='ocrx_word' id='word_1_339' title='bbox 1202 2259 1329 2288; x_wconf 89' lang='lat' dir='ltr'>tamen</span> <span class='ocrx_word' id='word_1_340' title='bbox 1353 2249 1463 2288; x_wconf 89' lang='lat' dir='ltr'>nimis</span> <span class='ocrx_word' id='word_1_341' title='bbox 1485 2249 1566 2288; x_wconf 87' lang='lat' dir='ltr'>eius</span> <span class='ocrx_word' id='word_1_342' title='bbox 1582 2249 1708 2288; x_wconf 88' lang='lat' dir='ltr'>virtus</span> 
     </span>
     <span class='ocr_line' id='line_1_39' title="bbox 447 2298 1708 2355; baseline 0.002 -16"><span class='ocrx_word' id='word_1_343' title='bbox 447 2311 498 2339; x_wconf 88' lang='lat' dir='ltr'>eo</span> <span class='ocrx_word' id='word_1_344' title='bbox 518 2300 801 2351; x_wconf 80' lang='lat' dir='ltr'>significaretur,</span> <span class='ocrx_word' id='word_1_345' title='bbox 820 2300 844 2339; x_wconf 84' lang='lat' dir='ltr'>fi</span> <span class='ocrx_word' id='word_1_346' title='bbox 863 2298 954 2352; x_wconf 61' lang='grc' dir='ltr'>ὑπὲρ</span> <span class='ocrx_word' id='word_1_347' title='bbox 966 2305 1028 2340; x_wconf 53' lang='grc' dir='ltr'>τὸν</span> <span class='ocrx_word' id='word_1_348' title='bbox 1045 2301 1349 2353; x_wconf 60' lang='grc' dir='ltr'>Σαρὸανέιπαλον</span> <span class='ocrx_word' id='word_1_349' title='bbox 1364 2303 1574 2350; x_wconf 89' lang='lat' dir='ltr'>diceretur;</span> <span class='ocrx_word' id='word_1_350' title='bbox 1587 2314 1708 2355; x_wconf 88' lang='lat' dir='ltr'>quare</span> 
     </span>
     <span class='ocr_line' id='line_1_40' title="bbox 448 2354 1707 2409; baseline 0.002 -17"><span class='ocrx_word' id='word_1_351' title='bbox 448 2355 554 2404; x_wconf 83' lang='lat' dir='ltr'>quod</span> <span class='ocrx_word' id='word_1_352' title='bbox 573 2354 724 2406; x_wconf 83' lang='lat' dir='ltr'>planum</span> <span class='ocrx_word' id='word_1_353' title='bbox 739 2355 791 2394; x_wconf 88' lang='lat' dir='ltr'>est</span> <span class='ocrx_word' id='word_1_354' title='bbox 809 2355 849 2395; x_wconf 78' lang='grc' dir='ltr'>δι</span> <span class='ocrx_word' id='word_1_355' title='bbox 865 2368 999 2394; x_wconf 88' lang='lat' dir='ltr'>verum</span> <span class='ocrx_word' id='word_1_356' title='bbox 1018 2354 1265 2406; x_wconf 85' lang='lat' dir='ltr'>praeferendo</span> <span class='ocrx_word' id='word_1_357' title='bbox 1285 2354 1464 2409; x_wconf 73' lang='lat' dir='ltr'>peccare,</span> <span class='ocrx_word' id='word_1_358' title='bbox 1486 2369 1602 2408; x_wconf 90' lang='lat' dir='ltr'>quam</span> <span class='ocrx_word' id='word_1_359' title='bbox 1615 2367 1707 2395; x_wconf 90' lang='lat' dir='ltr'>coa-</span> 
     </span>
     <span class='ocr_line' id='line_1_41' title="bbox 447 2408 1706 2456; baseline 0.002 -11"><span class='ocrx_word' id='word_1_360' title='bbox 447 2409 507 2446; x_wconf 73' lang='lat' dir='ltr'>cta</span> <span class='ocrx_word' id='word_1_361' title='bbox 521 2437 531 2455; x_wconf 94' lang='lat'>,</span> <span class='ocrx_word' id='word_1_362' title='bbox 553 2420 596 2446; x_wconf 90' lang='lat' dir='ltr'>ut</span> <span class='ocrx_word' id='word_1_363' title='bbox 618 2409 858 2454; x_wconf 76' lang='lat' dir='ltr'>videbantur,</span> <span class='ocrx_word' id='word_1_364' title='bbox 878 2410 966 2448; x_wconf 88' lang='lat' dir='ltr'>dare</span> <span class='ocrx_word' id='word_1_365' title='bbox 980 2409 1106 2448; x_wconf 88' lang='lat' dir='ltr'>malui.</span> <span class='ocrx_word' id='word_1_366' title='bbox 1132 2408 1168 2449; x_wconf 91' lang='lat' dir='ltr'>Si</span> <span class='ocrx_word' id='word_1_367' title='bbox 1185 2409 1437 2456; x_wconf 85' lang='lat' dir='ltr'>aberravero,</span> <span class='ocrx_word' id='word_1_368' title='bbox 1451 2408 1646 2450; x_wconf 82' lang='lat' dir='ltr'>Gesnerus</span> <span class='ocrx_word' id='word_1_369' title='bbox 1666 2410 1706 2448; x_wconf 87' lang='lat' dir='ltr'>in</span> 
     </span>
     <span class='ocr_line' id='line_1_42' title="bbox 446 2460 1706 2516; baseline 0.001 -17"><span class='ocrx_word' id='word_1_370' title='bbox 446 2460 607 2500; x_wconf 74' lang='lat' dir='ltr'>Praefat.</span> <span class='ocrx_word' id='word_1_371' title='bbox 624 2475 683 2500; x_wconf 70' lang='lat' dir='ltr'>rne</span> <span class='ocrx_word' id='word_1_372' title='bbox 695 2461 886 2514; x_wconf 83' lang='lat' dir='ltr'>castigabit</span> <span class='ocrx_word' id='word_1_373' title='bbox 897 2476 909 2509; x_wconf 91' lang='lat'>;</span> <span class='ocrx_word' id='word_1_374' title='bbox 922 2462 1041 2501; x_wconf 74' lang='grc' dir='ltr'>1εᾶοτ</span> <span class='ocrx_word' id='word_1_375' title='bbox 1057 2474 1182 2502; x_wconf 85' lang='lat' dir='ltr'>autem</span> <span class='ocrx_word' id='word_1_376' title='bbox 1203 2463 1397 2516; x_wconf 89' lang='lat' dir='ltr'>vulgatam</span> <span class='ocrx_word' id='word_1_377' title='bbox 1419 2465 1608 2514; x_wconf 89' lang='lat' dir='ltr'>potiorem</span> <span class='ocrx_word' id='word_1_378' title='bbox 1622 2463 1706 2502; x_wconf 85' lang='lat' dir='ltr'>exi·</span> 
     </span>
     <span class='ocr_line' id='line_1_43' title="bbox 443 2513 1709 2573; baseline 0.004 -18"><span class='ocrx_word' id='word_1_379' title='bbox 443 2513 610 2567; x_wconf 80' lang='lat' dir='ltr'>stimans,</span> <span class='ocrx_word' id='word_1_380' title='bbox 628 2528 714 2557; x_wconf 85' lang='lat' dir='ltr'>eam</span> <span class='ocrx_word' id='word_1_381' title='bbox 735 2519 898 2558; x_wconf 82' lang='lat' dir='ltr'>retinere</span> <span class='ocrx_word' id='word_1_382' title='bbox 919 2517 1074 2571; x_wconf 86' lang='lat' dir='ltr'>poterit.</span> <span class='ocrx_word' id='word_1_383' title='bbox 1101 2515 1165 2557; x_wconf 85' lang='lat' dir='ltr'>Est</span> <span class='ocrx_word' id='word_1_384' title='bbox 1179 2517 1357 2572; x_wconf 85' lang='lat' dir='ltr'>vulgatae</span> <span class='ocrx_word' id='word_1_385' title='bbox 1383 2517 1527 2572; x_wconf 83' lang='lat' dir='ltr'>aliquid</span> <span class='ocrx_word' id='word_1_386' title='bbox 1540 2515 1709 2573; x_wconf 66' lang='lat' dir='ltr'>praesidii</span> 
     </span>
    </p>
   </div>
  </div>
 </body>
</html>
