1764 3419
258 210 325 257 m
358 211 601 258 LUcfflM
634 211 772 258 SIVE
804 178 1072 260 ASINUM:
1127 274 1130 277 ¹
1194 233 1288 282 477

82 303 167 343 ibid.
188 298 279 343 Εἶτα.
293 303 435 351 Σοῦσα.)
458 301 552 343 Εἶτα
572 302 767 350 λαβοῦσα,
781 302 821 342 &
839 315 932 342 mox
950 316 1022 354 pro
1043 304 1087 342 *rb
1100 307 1228 343 λοιπὸν
1242 325 1288 337 -

32 357 306 406 καταμάττου,
318 361 361 396 τὸ
373 357 514 396 aisofw
527 378 572 386 —-
587 358 836 407 κατάματτε,
846 356 909 396 vel
922 358 1227 407 καταμέιλοιττε,
1240 360 1292 399 le.

33 410 198 463 gendum
222 410 320 449 coni.
344 409 390 450 cl.
412 411 455 450 B.
477 411 523 450 de
541 409 636 450 Ball.

85 464 164 502 ibid.
177 465 287 502 Κιιτὲι
301 464 445 516 χειρὸς)
462 461 602 502 Forsan
616 492 627 508 ,
640 463 702 501 καὶ
715 461 763 500 τνῖ
765 475 782 501 ς
793 461 930 516 χειρός.
945 462 1114 502 GUYET.

87 517 168 555 ibid.
187 516 394 568 Ho'tp0e40u)
410 517 511 569 Lege
525 515 708 567 παράψοι.
722 515 891 556 GUYET.
913 513 951 554 P.
967 518 999 555 J.
1016 517 1055 556 δι
1074 519 1112 556 V
1107 533 1157 556 en.
1172 519 1295 568 παρά-

34 568 200 624 ςγροιψιιι.
214 568 384 623 Qujdam
397 568 752 622 napaaeo4m.C011.
768 569 873 622 vulg.
893 568 1113 621 agnoscunt.
1128 571 1286 624 ξοιΑΝ.

84 625 156 661 ead.
170 623 192 660 l.
212 636 269 674 13.
282 621 405 660 Ἦλθεν
428 621 466 661 ἐς
479 626 520 661 τὶ
542 621 690 671 μαθεῖν)
706 620 848 662 Forsan
868 622 930 661 ἐπὶ
944 621 1020 662 νοῐῗν
1040 638 1105 673 μοι
1127 623 1225 663 ἦλθεν
1245 630 1289 664 το

30 674 172 726 μαθεῖν.
187 674 353 715 GUYET.
365 675 419 713 Ἐς
432 688 509 714 non
524 674 677 727 agnosci
689 688 709 714 a
727 675 809 714 ΜΠ.
823 688 845 714 a
858 675 894 714 se
907 675 1055 715 collatis
1067 675 1221 717 testatur
1237 679 1286 720 cl.

30 727 76 767 Β.
92 729 137 767 de
151 728 246 768 Ball.
260 741 376 781 quare
389 729 579 768 eiecimus.
595 729 692 767 Mox
702 728 926 768 auctoritate
939 728 1021 768 ΜΠ.
1035 730 1153 782 Regg.
1170 745 1285 783 2954.

30 780 157 834 &301
169 795 184 819 1
194 811 203 820 .
219 794 290 833 pro
303 782 464 834 vulgato
476 775 576 821 ἦλθον
591 781 845 834 rescripsimus
858 781 993 821 nemu.
1008 782 1111 835 Quis
1123 785 1223 823 enim
1236 785 1291 825 fe-

29 846 89 873 rat
101 834 195 873 idem
210 835 372 885 verbum
390 835 444 874 bis
457 847 663 875 occurrens
680 835 717 872 in
734 836 871 887 eodem
885 848 1098 876 commate:
1115 838 1180 876 καί
1193 853 1291 879 ποτε

30 886 95 926 ἐπὶ
108 886 253 938 νοῦνμοι
263 887 427 925 ἨΛΘΕΝ
436 888 477 927 ἐς
487 891 531 927 τὶ)
540 887 671 939 μαθεῖν
683 883 728 927 ὧν
740 885 1034 927 ξ’νεκειἬΛΘΟΝ.
1049 890 1170 939 Adde,
1183 893 1288 942 quod

25 938 171 989 ὄθλουν,
179 940 381 995 palaestrae
389 942 568 987 verbum,
577 942 721 993 optime
732 942 914 980 convenit
922 955 1009 981 cum
1021 940 1289 995 superioribus.

83 994 173 1047 Pag.
192 1008 276 1046 143.
290 994 315 1034 l.
333 1007 389 1033 10.
403 996 465 1032 Μὰ
476 994 542 1034 τὴν
556 1006 694 1045 usqam„
708 994 802 1048 διε.)
811 995 927 1034 Hom.
943 994 983 1033 11.
998 1000 1043 1042 Ο,
1057 1010 1115 1048 39,
1127 998 1235 1037 SOLA
1244 1011 1285 1038 N.

81 1051 154 1087 ead.
168 1048 193 1087 l.
208 1061 264 1085 12.
281 1047 350 1086 Καὶ
373 1045 390 1088 ἦ
413 1046 601 1087 δέσποινα,
614 1048 803 1093 βάσκανος
824 1043 918 1087 οὗτοι
931 1052 1128 1102 τυγχάνει
1152 1051 1203 1091 εἰς
1218 1052 1286 1092 τὴν

27 1095 146 1142 οιῦπῖς
161 1100 322 1154 τέχνην)
337 1102 404 1139 Sed
421 1103 498 1140 hera
516 1117 587 1140 mea
592 1101 791 1152 fhfiinandi
807 1114 910 1140 artem
930 1104 1038 1140 callet.
1055 1103 1115 1142 Sic
1129 1104 1287 1147 Benedi-

26 1153 132 1201 ἕως,
147 1167 235 1194 cum
260 1166 339 1193 tota
363 1155 454 1194 haec
479 1156 655 1206 periodus
676 1156 915 1194 omitteretur
935 1155 973 1193 in
994 1157 1161 1196 editione
1187 1158 1290 1198 Bafi.

25 1206 304 1260 leensl.1taque
318 1218 361 1247 ut
382 1208 608 1260 negligentia
632 1208 744 1247 huius
762 1208 954 1247 contraxit
973 1209 1122 1261 culpam
1134 1239 1148 1255 ,
1162 1210 1212 1249 ita
1228 1212 1290 1252 ille

26 1259 202 1313 profecto
216 1262 263 1300 ab
276 1274 320 1300 ea
335 1261 428 1301 liber
443 1274 520 1300 non
536 1261 588 1300 est
601 1293 612 1308 ,
626 1261 891 1300 remotiffirnus
910 1261 958 1300 ab
979 1261 1084 1301 sensu
1100 1263 1284 1312 Luciam,

26 1314 94 1365 qui
108 1314 223 1367 exigit
234 1344 249 1360 ‚
261 1314 326 1366 fi’d
337 1317 414 1354 hera
431 1331 503 1354 mea
519 1316 614 1354 valde
629 1315 748 1354 invida
759 1316 803 1367 est
818 1329 894 1367 erga
911 1316 1092 1366 artificium
1104 1317 1225 1368 staura,
1241 1320 1283 1358 δι

27 1366 191 1407 studiose
211 1368 423 1418 abscondit,
443 1381 514 1408 nec
536 1368 707 1417 sustinet,
730 1378 773 1408 ut
791 1367 988 1422 quisquam
1008 1369 1091 1409 eius
1110 1369 1176 1410 fiat
1190 1384 1285 1411 con·

26 1419 126 1461 scius
139 1432 204 1461 aut
222 1423 418 1474 particeps.
436 1421 580 1462 GRON.

79 1475 158 1514 ibid.
173 1475 381 1527 Βάσκοινος)
394 1476 516 1514 Invida
529 1478 570 1528 esl
581 1475 669 1514 circa
683 1487 787 1515 artem
793 1475 907 1526 fitam.
925 1475 1094 1516 GUYET.

79 1530 151 1567 ead.
171 1529 196 1567 l.
215 1542 228 1567 ι
238 1544 271 1582 3.
292 1524 434 1582 Αὐτῆς)
448 1529 551 1583 Lege
565 1526 692 1570 αὐτῆς.
705 1529 872 1570 GUYET.
887 1529 993 1569 Nihil
1011 1542 1195 1584 repugno.
1210 1531 1284 1572 Sed

26 1581 116 1636 quia
135 1594 215 1621 non
230 1584 355 1635 magni
371 1583 549 1622 intererat
560 1612 570 1630 ,
587 1583 680 1621 nihil
696 1583 855 1622 mutavi.
867 1582 1012 1622 RE1Tz.

81 1636 155 1674 ead.
169 1635 193 1674 l.
208 1648 266 1685 14.
280 1635 415 1689 Eissrv)
428 1635 488 1676 Sic
502 1649 648 1677 omnes.
660 1636 744 1689 Ego
759 1635 907 1676 mallem
923 1635 1026 1676 issfv.
1038 1637 1196 1678 Sorax.

80 1689 159 1727 ibid.
178 1688 248 1728 Τὴν
262 1689 507 1743 κεκτημένην)
527 1690 590 1729 Sic
603 1689 619 1727 ὃ
632 1690 866 1740 κεκτημένος,
886 1692 998 1737 herus,
1010 1703 1070 1743 ap.
1083 1692 1279 1744 Aristoph.

25 1739 124 1782 Plut.
144 1757 193 1791 4,
218 1742 265 1782 ad
290 1755 405 1795 quem
423 1743 498 1782 vid.
522 1753 605 1783 not.
624 1742 858 1795 Spanhemii‚
881 1745 947 1796 qui
967 1746 1151 1784 rationem
1172 1746 1284 1786 huius

25 1794 309 1848 significationis
323 1796 450 1836 multis
467 1797 654 1850 explicat,
670 1798 710 1837 &
721 1799 819 1837 inter
830 1796 899 1835 alia
911 1797 1023 1837 etiam
1039 1811 1085 1837 ex
1102 1798 1284 1851 Aeschyl,

26 1848 158 1902 Suppl.
179 1863 253 1902 340
263 1880 275 1899 ,
286 1850 326 1889 δι
339 1849 534 1890 Concion.
559 1864 573 1888 1
585 1865 599 1889 1
612 1850 656 1888 18
668 1881 678 1898 ‚
693 1850 761 1891 τὴν
775 1851 1018 1900 κεκτημένην,
1029 1853 1195 1892 dominam
1209 1867 1283 1893 vo-

26 1904 108 1941 cari
124 1904 280 1956 probat,
294 1916 372 1943 non
387 1903 522 1944 omiffo
543 1904 618 1944 hoc
640 1904 799 1944 Luciani
817 1903 919 1944 loco.
933 1903 1048 1944 Conf.
1070 1906 1210 1946 iterum
1229 1907 1287 1946 in-

25 1955 85 1996 fra
98 1969 180 2009 cap.
199 1970 260 2007 27.
272 1957 418 1996 Rmz.

79 2013 155 2049 ead.
180 2011 204 2049 l.
229 2024 289 2063 15.
302 2011 382 2049 Ἐπὶ
403 2009 578 2058 τούτοις)
596 2008 715 2050 Aliud
731 2009 804 2051 effe
828 2011 892 2051 ἐπὶ
907 2011 1057 2060 τούτων,
1076 2012 1154 2052 vid.
1174 2012 1286 2067 supra

27 2062 133 2104 Tox.
151 2076 183 2103 c.
200 2077 262 2103 20.
276 2063 347 2104 Sed
360 2063 448 2104 licet
461 2063 618 2104 Gesner.
634 2064 698 2104 ἐπὶ
711 2065 855 2105 τούτοις
868 2063 1104 2116 ἐκοιμήθημεν
1122 2079 1285 2108 conver-

27 2118 128 2165 terit,
146 2119 182 2155 in
196 2117 282 2169 hisce
298 2118 540 2171 acquievimus,
558 2117 706 2157 &infra
720 2130 802 2170 cap.
819 2132 866 2169 17
879 2131 934 2171 pr.
949 2119 1011 2158 ἐπὶ
1026 2120 1144 2168 τούτῳ
1161 2121 1285 2160 reddi·

27 2171 149 2219 derit,
166 2171 251 2210 inter
262 2171 362 2216 haec,
375 2172 479 2224 quod
494 2171 676 2224 posterius
690 2185 823 2224 parum
839 2171 953 2211 refert
967 2184 1058 2211 utro
1074 2186 1183 2214 more
1197 2175 1282 2214 red·

20 2225 154 2271 datur,
169 2236 261 2263 num
276 2227 348 2278 post
359 2254 370 2269 ,
386 2226 533 2264 animer
547 2225 628 2264 lzaec
637 2241 653 2272 ;
663 2236 790 2274 tamen
803 2226 904 2266 haud
916 2238 1027 2279 aegre
1040 2223 1134 2267 feret
1145 2256 1155 2274 ‚
1178 2226 1254 2267 scio
1264 2258 1282 2274 ‚v

30 2276 61 2318 fi
73 2276 308 2326 existimato,
326 2279 478 2318 utrovis
491 2278 580 2318 loco
600 2278 796 2331 significari
810 2281 885 2333 post
904 2279 1009 2327 haec;
1028 2292 1148 2332 aeque
1162 2293 1206 2319 ac
1219 2294 1282 2333 ap.

29 2330 223 2384 Aristoph.
238 2331 334 2370 Plut.
351 2333 439 2382 ς7,ἱί
457 2332 557 2371 τάπὶ
572 2334 720 2372 τούτοις
733 2332 820 2385 ὃρῶ,
836 2344 899 2372 aut
906 2335 981 2386 post
992 2335 1071 2373 haec
1074 2334 1127 2382 fic
1136 2333 1282 2384 fficiam.

31 2384 155 2437 Quod
167 2398 254 2425 cum
267 2385 492 2425 Scholiastes
503 2385 642 2438 duplici
656 2386 774 2426 modo
785 2397 972 2439 exponat,
984 2385 1203 2438 significatio
1217 2386 1283 2427 τοῦ

27 2441 101 2490 post
116 2439 196 2478 haec
220 2448 345 2478 tamen
360 2438 533 2478 firmatur
547 2439 594 2478 ab
609 2439 775 2479 Kustero
798 2453 847 2480 ex
860 2440 992 2493 Eurip.
1007 2440 1146 2480 I’hoen.
1164 2454 1177 2477 ι
1187 2454 1262 2488 214
1274 2471 1287 2488 ,

24 2491 74 2532 ‘Tu‘
90 2491 190 2533 τάπὶ
211 2492 355 2534 τούτοις
376 2491 489 2534 ποιΐαΓ’
505 2492 580 2546 ἐμὼ
601 2492 841 2545 ἓροισείετοι’5
862 2495 943 2548 quid
950 2496 1023 2547 post
1037 2495 1117 2534 haec
1134 2494 1201 2547 filii
1221 2495 1289 2541 meg}
