1764 3419
438 230 526 294 508
647 231 1509 280 ANNoTATloNEs

433 317 574 370 ρεῦσι,
588 321 693 373 quod
716 320 869 373 quidem
895 320 984 361 ferri
1005 321 1149 373 potest;
1166 321 1226 361 sed
1248 322 1318 362 Ms.
1343 322 1458 363 leffio
1479 322 1588 364 facile
1608 337 1700 376 prae

435 372 508 412 hac
523 373 672 414 Graece
683 375 805 416 *doctis
828 375 864 413 se
879 375 1068 425 probabit.
1084 374 1255 415 GRAEv.
1275 375 1459 426 Αὶωρσῦα-ιι
1479 378 1589 416 etiam
1614 377 1700 418 Mff.

435 424 518 465 Ox.
540 426 577 465 P.
591 428 631 466 δι’.
649 429 690 467 L.
715 427 759 466 In
781 428 934 479 reliquis
952 426 1139 479 θεωροῦσαι
1151 457 1161 473 ,
1176 430 1301 468 minus
1318 430 1376 468 ele
1404 440 1521 469 anter.
1540 430 1700 470 SOLAN.

437 478 655 532 Αὶωροῦσα)
682 482 834 520 Lubens
858 482 1024 532 arripui,
1046 482 1155 533 quod
1178 495 1346 534 quatuor
1403 483 1488 523 odd.
1509 484 1701 530 exhibent.

436 531 575 584 Neque
589 534 701 572 etiam
724 533 878 574 Gesner.
901 535 1101 586 vulgatum
1117 534 1306 587 Ξεωροῦσοι
1323 536 1432 574 valde
1452 537 1603 576 videtur
1615 550 1705 590 pro-

435 585 537 624 baffe
550 617 560 631 ‚
579 588 642 638 qui
667 588 701 625 id
728 587 849 626 fludio
871 588 1103 640 neglexerit,
1122 590 1163 629 &
1182 586 1365 642 αἰωροῦσα
1387 590 1516 642 potius
1537 590 1591 630 ob
1609 603 1705 631 ocu-

438 638 498 677 los
522 640 704 679 habuerit.
721 640 869 679 Rmrz.

494 692 582 745 Pag.
600 694 686 732 206.
701 694 722 731 l.
733 708 745 731 1
755 709 790 741 4.
801 693 842 732 ‘O
855 692 900 732 δὲ
913 693 1028 747 λόγος
1039 691 1169 747 celric,
1181 690 1244 733 οὗιι
1259 691 1330 735 «ἦθ’
1340 694 1442 736 ’ὅπως
1453 694 1568 735 εἰπεῖν
1576 696 1706 747 προιὼν

444 741 546 794 ῗιμῖν,
561 746 611 795 εἰς
627 744 737 785 anfi-m
752 747 885 791 απεβη·
899 750 1083 799 περιττὰς
1100 746 1192 787 εἶναι
1211 750 1283 788 τὰς
1294 749 1432 788 θυσίαις
1445 749 1581 802 φησιν)
1596 750 1704 790 Haec

438 800 560 836 verba
579 799 702 852 vulgo
718 813 939 846 vertuntur,
963 800 1168 853 Disputatio
1190 817 1267 841 vero
1286 804 1418 855 nostra,
1437 802 1546 854 neseio
1567 818 1704 856 quomo-

439 853 483 891 do
497 867 532 890 eo
549 853 720 906 progreſj'a
738 855 774 892 in
798 856 858 893 hoc
876 855 1014 901 incidit,
1031 870 1073 894 ac
1082 856 1334 908 supervacanea
1351 856 1704 909 hominumsacrij‘icia

441 905 502 957 effi
518 906 706 956 confirmat.
728 907 901 960 Infringit
916 907 955 947 δι
973 919 1207 960 contorquet
1229 907 1373 948 sensum
1386 940 1398 958 ,
1412 911 1477 962 qui
1503 910 1557 949 ita
1576 910 1706 950 vertit.

439 959 518 998 Ubi
535 960 622 999 iiluc
637 976 678 998 ac
690 964 711 1000 ?
732 961 982 1000 Reddendum
1000 960 1070 1000 fuit
1079 991 1089 1008 ‚
1110 961 1186 1015 ipsa
1199 978 1275 1002 vero
1287 962 1469 1015 disputatio
1479 994 1492 1011 ‚
1504 962 1643 1016 (nescio
1653 965 1706 1003 di·

444 1028 512 1051 cere
526 1016 688 1065 quomodo
707 1015 793 1053 inter
800 1016 1072 1068 progrediendum
1091 1031 1128 1054 eo
1149 1015 1342 1069 devenerit)
1358 1017 1440 1056 dicit
1452 1017 1707 1070 supervacanea

441 1066 505 1118 effi
517 1068 701 1118 Jacnficia.
727 1068 834 1107 IENS.

495 1123 567 1158 ead.
583 1123 607 1160 l.
625 1135 637 1158 1
651 1133 679 1173 5.
696 1120 800 1172 Ἡμῖν
825 1122 984 1175 προϊὼν)
1005 1120 1165 1163 Secutus
1180 1121 1262 1162 sum
1285 1121 1507 1176 scripturam
1531 1121 1600 1163 Ms.
1624 1123 1707 1165 Ox.

440 1171 480 1212 in
495 1187 575 1227 quo
587 1174 717 1223 εἰπεῖν,
728 1177 833 1229 quod
849 1176 886 1215 in
898 1174 1078 1228 impreffis
1092 1175 1145 1215 est
1158 1207 1170 1223 ‚
1189 1189 1268 1216 non
1289 1178 1488 1229 reperitur.
1510 1175 1668 1218 SOLAN.

497 1230 570 1267 ead.
585 1229 608 1268 l.
629 1230 685 1270 16.
702 1231 889 1281 Περιττᾰς
904 1226 996 1269 εἶναι
1012 1229 1028 1281 )
1043 1229 1089 1268 Et
1108 1229 1166 1277 hic
1189 1230 1226 1268 in
1252 1229 1433 1282 impreffis
1448 1231 1613 1271 additum
1627 1241 1709 1271 erat

442 1282 568 1332 φησιν,
588 1283 693 1335 quod
716 1295 924 1335 praeeunte
937 1283 1035 1323 Cod.
1054 1282 1132 1322 Ox.
1146 1282 1318 1323 exsulare
1333 1283 1513 1323 iuflimus.
1526 1284 1683 1326 SOLAN.

497 1336 577 1374 ibid.
593 1337 706 1377 Φησὶν
721 1337 738 1389 )
754 1340 799 1374 Γο
816 1338 925 1387 φησιν
941 1337 1006 1376 hic
1026 1335 1258 1389 superfluum
1276 1337 1435 1377 videtur.
1452 1337 1619 1379 Gunr.
1632 1339 1712 1379 De·

446 1388 566 1428 letum
580 1390 692 1429 etiam
707 1390 834 1430 voluit
857 1390 984 1430 Solan.
1003 1389 1063 1429 sed
1085 1391 1288 1430 immerito.
1305 1391 1360 1431 At
1374 1392 1463 1444 quia
1475 1404 1610 1432 omnes
1625 1393 1707 1432 edd.

446 1442 489 1481 &
504 1442 695 1482 Scholiast.
719 1444 883 1493 habent,
898 1457 967 1484 nec
982 1443 1056 1496 ipse
1078 1445 1114 1483 in
1139 1457 1255 1497 marg.
1279 1456 1321 1484 ut
1344 1445 1437 1484 alias
1459 1444 1578 1491 solet,
1595 1445 1712 1486 Codi-

446 1508 530 1534 cem
551 1498 767 1544 notaverit,
783 1498 850 1550 qui
873 1498 1050 1546 omittat,
1070 1499 1182 1537 uncis
1197 1497 1325 1537 saltem
1341 1498 1550 1540 inclufiffet.
1567 1499 1638 1540 Sed
1660 1500 1712 1539 εὶ-

444 1549 531 1589 πεῖν
546 1549 667 1590 abeffe
683 1551 730 1590 ab
744 1551 796 1591 Ο.
813 1552 942 1604 &pro
962 1563 1010 1591 eo
1031 1551 1117 1601 ἣμῖν
1139 1552 1234 1603 legi,
1247 1551 1487 1605 adscripserat
1509 1553 1710 1600 luminae,

444 1616 491 1643 ac
512 1604 628 1652 <pne-iv
648 1605 811 1654 delerat;
833 1605 910 1645 fine
924 1605 1040 1645 dubio
1062 1604 1299 1657 significans,
1323 1619 1532 1660 utrumque
1548 1607 1711 1646 verbum

445 1657 485 1696 in
501 1658 637 1697 eodem
659 1657 803 1706 abeffe,
818 1659 859 1699 δι
874 1658 1015 1698 reffius
1035 1659 1243 1712 procedere
1263 1661 1479 1700 orationem
1492 1689 1505 1706 ,
1521 1659 1548 1699 si
1565 1671 1713 1700 utrum·

448 1723 526 1762 que
543 1724 795 1765 expungatur.
807 1712 851 1752 In
865 1711 1042 1753 versione
1057 1711 1172 1753 Gesn.
1189 1713 1427 1766 parenthesin
1439 1713 1592 1760 addidit,
1605 1715 1712 1768 quod

446 1765 542 1805 &in
558 1765 722 1806 Graecis
741 1766 821 1806 sum
841 1765 999 1807 secutus.
1019 1767 1164 1809 Rtlrz.

500 1819 590 1872 Pag.
611 1833 698 1869 207.
711 1821 733 1858 l.
756 1834 789 1859 2.
812 1821 880 1858 Καὶ
901 1820 1019 1874 ὅπως)
1037 1820 1203 1860 Subaudi
1222 1819 1296 1873 ὅροι.
1321 1820 1486 1862 GUYET.

499 1876 573 1912 ead.
592 1874 616 1913 l.
634 1874 669 1913 6.
686 1874 875 1927 Auvwrbv)
897 1875 1039 1915 Utrum
1062 1871 1100 1913 οὐ
1122 1873 1311 1923 suver-rhu
1326 1888 1405 1915 non
1421 1873 1637 1929 respuerem
1651 1905 1663 1924 ‚
1684 1873 1714 1915 fi

449 1925 676 1966 invenirem.
699 1928 840 1967 Rerrz.

503 1974 576 2019 ea‘a'.
591 1982 614 2019 l.
629 1994 666 2033 9.
677 1982 800 2036 Βοὺλξι
812 1980 905 2036 γοῦν
921 1980 1139 2036 ἐπαγάγω)
1153 1982 1229 2022 Hic
1243 1982 1314 2022 iam
1329 1981 1543 2023 constanter
1553 1980 1659 2036 γοῦν,
1674 1981 1715 2023 81

447 2032 551 2073 reste
563 2064 576 2080 ,
595 2047 675 2074 non
690 2034 728 2073 θ’
746 2037 812 2074 οὑν.
836 2035 951 2076 Conf.
969 2035 1080 2088 supra
1100 2047 1131 2074 c.
1148 2051 1172 2084 4
1185 2034 1211 2075 f.
1224 2036 1406 2078 Ceterum
1423 2037 1468 2075 de
1485 2036 1544 2077 illa
1557 2034 1715 2076 usitatis-

451 2086 543 2126 sima
562 2087 849 2129 construetione
870 2089 1035 2129 duorum
1053 2089 1262 2130 verborum
1275 2121 1288 2139 ,
1308 2089 1482 2142 negle&o
1500 2089 1692 2130 infinitivo
1705 2120 1717 2138 ,

448 2141 514 2181 vel
529 2140 662 2180 omiffa
687 2143 982 2190 coniunflione,
995 2144 1061 2182 vix
1084 2156 1184 2194 opus
1198 2145 1269 2184 erit
1290 2144 1435 2196 aliquid
1449 2144 1715 2183 commentari.

447 2192 586 2234 Dicam
601 2208 689 2235 cum
711 2196 966 2236 Bourdelotio
979 2227 991 2243 ‚
1005 2197 1081 2235 dixi
1103 2198 1202 2236 alibi.
1223 2197 1350 2238 Immo
1364 2197 1414 2238 fic
1440 2210 1652 2250 perpetuo,
1673 2205 1717 2239 ut·

449 2247 585 2302 Herm.
604 2262 687 2315 cap.
706 2248 757 2288 80
770 2280 781 2295 ‚
797 2250 922 2289 θέλεις
935 2249 1194 2304 sin-ythmum
1209 2250 1343 2303 Scyth.
1361 2265 1394 2291 c.
1411 2265 1435 2304 9
1457 2265 1512 2305 pr.
1535 2251 1717 2298 βούλεσδε

451 2303 510 2341 οὑν
531 2301 728 2356 ἐπαγάγω
741 2302 824 2343 iisn.
838 2303 984 2343 ΚΕΗ-Ζ.

504 2358 576 2394 ead.
591 2357 614 2395 l.
634 2369 689 2395 12.
704 2356 911 2398 Ἀντίὸοσιν
928 2357 974 2397 δέ
990 2373 1080 2397 τινα
1095 2358 1325 2411 ποιούμενοι)
1341 2359 1469 2398 Locus
1489 2358 1614 2411 palam
1635 2370 1720 2397 cor-

453 2420 611 2461 ruptus,
634 2423 748 2462 quem
769 2423 843 2463 ego
866 2411 915 2450 sic
939 2411 1104 2464 refingo:
1128 2411 1258 2463 {bn-re?
1287 2411 1477 2462 ὠνούμενοι
1504 2414 1559 2452 τὰ
1583 2411 1718 2465 ἀγαθὰ.

450 2463 541 2513 παρ’
560 2461 672 2512 ἧμῶν,
687 2463 878 2504 ἀντίδοσιν
904 2464 951 2504 δέ
967 2479 1054 2504 τινα
1075 2465 1282 2515 ποιούμενοι
1305 2466 1322 2505 ἢ
1349 2481 1386 2505 τ.
1400 2466 1439 2504 ἐι.
1453 2481 1490 2505 τ.
1503 2467 1537 2511 β.
1558 2465 1718 2506 SOLAN.

450 2515 536 2570 Ego
551 2518 712 2560 omnino
733 2530 822 2560 cum
838 2517 890 2561 Ο.
903 2531 1163 2573 expungerem
1184 2520 1276 2561 illud
1297 2519 1363 2570 δὲ,
1379 2519 1443 2562 vel
1463 2520 1502 2560 in
1525 2533 1572 2560 τε
1594 2519 1726 2576 muta·'
