1764 3419
449 230 542 291 4&
646 225 1510 279 ANNOTATIONES

449 319 544 371 quid
568 317 635 359 sub
657 319 729 359 hae
754 332 854 359 voce
878 318 989 366 latet,
1010 317 1118 371 quod
1137 317 1215 358 sine
1239 317 1361 359 Codd.
1388 320 1474 361 Mff.
1493 333 1569 374 ope
1584 333 1718 364 eruere

449 385 530 413 non
555 373 716 424 possum.
739 373 897 412 SOLAN.

506 430 579 465 ead.
593 428 617 465 l.
637 428 694 465 16.
710 425 973 478 Ἐμπεσὸντες)
988 423 1144 464 Iusserat
1155 424 1193 462 in
1207 437 1326 477 marg.
1343 425 1469 466 Solan.
1485 427 1649 468 conferri
1662 430 1719 469 in-

452 480 511 520 fra
525 487 610 518 Am.
628 480 643 528 §
664 493 694 528 5.
708 480 762 518 lbi
778 480 969 523 invenias,
992 479 1030 516 ὃς
1043 476 1266 527 παροιὲοθεὶς
1279 478 1353 517 τοῖς
1366 476 1500 518 {use-m
1512 510 1523 528 ,
1538 482 1603 520 κοιὶ
1616 481 1654 521 ἐς
1672 485 1718 521 τὸ

452 531 691 583 ὃςο-μοτῆριον
715 533 906 583 ἐμπεσών.
922 532 992 570 §ed
1006 532 1214 581 ἐμπίπτειν
1228 532 1281 570 εὶς
1295 535 1384 571 τινὰ
1396 533 1450 572 est
1469 532 1591 573 irruere
1604 536 1639 574 in
1651 538 1721 574 ali-

453 602 547 640 quem
560 617 569 630 ‚
583 588 748 624 invadere.
769 585 893 638 Supra
906 586 1009 624 Tim.
1022 598 1104 636 cap.
1121 598 1183 636 23,
1198 585 1236 623 81.
1254 584 1394 636 paffim.
1412 586 1532 640 Long.
1549 587 1642 627 Past.
1658 589 1718 637 11,

453 654 490 693 p.
507 639 556 686 78
569 670 580 686 ‚
599 638 708 677 λύκος
726 639 913 686 ἐμπεσὼν,
928 640 972 677 de
993 638 1087 690 lupo
1104 639 1274 677 irruente
1288 639 1324 677 in
1341 651 1505 692 gregem.
1520 640 1575 679 At
1595 654 1720 694 oppo-

451 693 526 731 sito
538 691 642 730 sensu
658 704 728 743 pro
741 692 904 731 incidere
918 693 952 729 in
968 704 1082 744 quem
1093 721 1105 737 ‚
1124 691 1228 742 quasi
1244 692 1280 729 in
1294 703 1373 731 rete
1385 721 1396 739 ‚
1420 693 1558 734 Noster
1571 694 1673 734 Tim.
1699 695 1718 745 §

457 760 481 785 2
491 759 521 798 ς.
535 746 568 784 N
574 758 617 784 ec
630 758 709 784 non
722 758 794 796 pro
804 747 944 785 incidere
955 776 966 791 ,
978 746 1109 785 obviam
1121 745 1230 783 venire
1240 775 1250 792 ‚
1266 745 1386 798 Long.
1402 745 1492 786 Past.
1505 747 1541 795 1,
1556 760 1638 800 pag.
1651 762 1717 801 25,

455 799 531 851 (al.
552 799 625 851 18)
649 797 667 839 ἦ
690 799 756 847 μὲν
770 822 814 829 -
834 797 1009 839 ἐπανθοῦν
1027 800 1208 838 ἐνέπιπτε
1230 800 1272 836 τὶ)
1293 799 1446 846 κάλλος,
1465 801 1528 839 καὶ
1551 802 1719 842 ἐτήκετο.

456 853 536 892 Ubi
549 851 650 891 forte
663 864 789 892 tamen
803 853 866 892 ἐπ’
883 852 1004 892 ἀνθοῦν
1018 851 1201 891 discretim
1224 851 1459 892 scribendum
1472 884 1484 903 ,
1503 853 1564 894 sed
1583 854 1722 908 legitur

454 905 634 946 ἒποιιθοῦν
649 907 685 945 in
699 907 841 954 tribus,
857 919 952 958 quas
965 900 1157 950 consului,
1173 905 1256 944 edd.
1276 904 1424 945 Rmz.

521 960 611 1011 Pag.
627 973 690 1012 90.
711 962 735 998 l.
750 974 782 999 1.
798 958 1155 1011 Ἀπεμπολοῦντες)
1182 959 1255 997 Etsi
1277 959 1435 1011 simplex
1458 961 1592 1000 πωλέω
1614 965 1723 1002 vendo
1763 990 1764 1007 i

457 1014 619 1066 primam
643 1013 756 1053 habet
779 1014 954 1065 longam,
971 1014 1133 1065 ideoque
1153 1012 1333 1064 suspicor,
1353 1014 1480 1053 verius
1499 1015 1544 1053 ad
1559 1025 1723 1068 etymon
1762 1009 1764 1090 i

457 1068 637 1107 accedere
659 1067 880 1119 scripturam
902 1067 958 1105 ed.
984 1067 1024 1104 P.
1046 1078 1145 1119 quae
1161 1066 1370 1115 ἀπομονωλ.
1386 1067 1505 1115 dedit3
1527 1078 1653 1108 tamen
1672 1070 1725 1108 ab
1762 1102 1764 1115 ,

457 1133 502 1161 ea
518 1119 646 1160 receffi
661 1150 671 1166 ‚
693 1133 771 1159 non
794 1121 911 1160 modo
937 1121 1029 1172 quia
1051 1131 1138 1159 cett.
1155 1120 1236 1158 edd.
1261 1120 1466 1166 recedunt,
1489 1120 1548 1160 sed
1569 1123 1658 1175 quia
1680 1123 1723 1163 δε

457 1175 546 1214 alibi
557 1175 659 1227 apud
670 1174 851 1214 Nostrum
863 1173 1032 1226 aliosque
1045 1174 1166 1212 media
1178 1185 1353 1224 correpta
1367 1174 1539 1215 scribitur
1551 1175 1726 1215 constan·

458 1239 539 1276 ter3
550 1240 596 1268 ut
609 1227 718 1280 supra
732 1229 777 1268 de
791 1228 959 1268 Merced.
973 1229 1084 1267 cond.
1097 1240 1177 1279 cap.
1194 1238 1240 1277 23
1258 1240 1313 1279 pr.
1328 1240 1361 1267 c.
1380 1242 1430 1277 24
1444 1227 1539 1269 vers.
1551 1243 1611 1282 34.
1626 1229 1723 1270 Item

457 1282 628 1334 Alciphr.
648 1281 723 1328 111,
742 1280 811 1334 Ep.
830 1296 866 1334 3,
880 1296 915 1333 p.
931 1281 1018 1321 280.
1037 1282 1085 1321 Et
1103 1281 1191 1320 eod.
1210 1279 1272 1319 lib.
1285 1281 1353 1333 Ep.
1372 1283 1444 1330 46,
1467 1294 1551 1336 pag.
1567 1284 1653 1336 376.
1667 1283 1725 1324 Ut

456 1336 530 1374 alia
545 1335 761 1375 testimonia
780 1336 976 1375 brevitatis
996 1348 1089 1387 ergo
1114 1335 1304 1373 omittam.
1328 1336 1490 1374 Veniam
1514 1337 1628 1389 igitur
1647 1349 1726 1378 oro

458 1390 603 1429 erroris
622 1391 661 1428 in
682 1389 809 1429 Piscat.
824 1401 857 1428 c.
873 1403 922 1440 27
936 1388 1072 1441 supine
1086 1387 1247 1436 admiffi3
1261 1389 1568 1443 quandoquidem
1590 1390 1726 1430 ibiPa-

456 1442 590 1482 risinae
613 1443 787 1482 editionis
801 1444 1116 1496 orthographiam
1129 1473 1141 1489 ,
1156 1443 1442 1492 ἀπημπώλησεν
1467 1443 1588 1483 media
1608 1444 1726 1497 longa

458 1495 700 1543 exhibentis,
725 1496 804 1536 sum
828 1495 999 1544 secutus,
1022 1497 1112 1536 dum
1135 1496 1176 1536 δι
1197 1497 1250 1535 ibi
1276 1507 1427 1537 ceterae
1446 1497 1547 1537 reste
1566 1497 1726 1538 brevem

456 1550 643 1590 haberent
660 1580 670 1597 ,
695 1563 789 1602 quas
814 1561 940 1590 tamen
966 1550 1052 1590 ideo
1074 1551 1288 1591 accuratius
1314 1548 1525 1603 perspicere
1549 1551 1727 1605 neglexi,

455 1604 566 1656 quod
599 1615 780 1656 corrupte
805 1605 1039 1654 ἁμπημπολ.
1066 1605 1260 1644 haberent.
1286 1604 1341 1643 At
1377 1604 1452 1644 hoc
1484 1605 1609 1644 levius
1637 1604 1692 1646 est
1712 1636 1728 1655 ,

458 1670 577 1709 quam
596 1657 702 1710 quod
728 1658 813 1697 ibid.
834 1657 958 1698 Codd.
983 1671 1140 1711 quoque
1161 1659 1200 1697 in
1224 1668 1316 1697 nota
1340 1656 1469 1697 Solani
1485 1659 1656 1699 dicantur
1674 1659 1729 1699 ita

459 1711 640 1750 exhibere
655 1712 814 1751 mediam
840 1712 1019 1763 longam3
1042 1712 1150 1764 quod
1165 1725 1265 1765 ego,
1286 1724 1367 1751 non
1389 1711 1474 1751 satis
1493 1711 1728 1766 investigans

461 1763 722 1804 confusiorem
736 1777 915 1805 notarum
931 1765 1082 1805 istarum
1105 1765 1327 1819 scripturam
1341 1795 1355 1811 ,
1374 1765 1585 1805 arbitrabar
1605 1766 1656 1806 ita
1675 1766 1730 1806 es-

459 1817 509 1858 se.
527 1819 606 1857 lam
622 1832 719 1859 vero
741 1818 805 1858 ista
822 1819 1104 1872 recognoscens
1116 1851 1127 1868 ‚
1151 1821 1191 1860 δι
1206 1819 1251 1859 ad
1269 1819 1455 1871 margines
1469 1819 1653 1860 librorum
1669 1833 1730 1861 re-

459 1884 638 1918 vertens,
665 1873 706 1911 in
730 1874 870 1926 quibus
892 1873 1116 1913 collationes
1135 1872 1323 1913 Codicum
1349 1874 1433 1912 sunt
1456 1875 1700 1927 consignatae
1714 1905 1729 1922 ‚

459 1926 622 1966 invenio
638 1926 676 1965 in
698 1927 754 1966 his
770 1937 948 1967 accurate
963 1938 1163 1972 notatum,
1187 1926 1270 1966 Mff.
1291 1925 1342 1966 O.
1367 1925 1406 1966 P.
1432 1927 1474 1966 L.
1491 1928 1652 1967 omnino
1669 1929 1731 1968 ha-

458 1980 550 2019 bere
563 1981 853 2028 &nummario-ev,
868 1993 990 2033 aeque
1003 1982 1096 2021 acin
1109 1982 1243 2020 ceteris
1255 1981 1412 2020 Luciani
1429 1980 1523 2020 locis
1539 1982 1657 2021 modo
1675 1982 1732 2021 al-

459 2033 605 2085 legatis.
627 2032 740 2073 Plura
762 2035 874 2087 igitur
898 2047 946 2073 ex
969 2035 1048 2073 aliis
1067 2034 1287 2074 auctoribus
1309 2046 1388 2072 non
1407 2034 1562 2082 addam,
1580 2045 1732 2088 praeter

418 2088 423 2092 “
463 2099 584 2126 unum
610 2087 686 2127 hoc
711 2087 979 2140 Aristophanis
1005 2089 1176 2128 Acharn.
1195 2102 1234 2128 v.
1260 2101 1351 2142 373,
1373 2087 1570 2137 Κᾲντοιῦθοι
1594 2088 1733 2138 aare&-

463 2142 561 2181 vova’
585 2143 916 2190 ἀπεμπολώμενοι·
941 2143 1041 2181 unde
1066 2143 1183 2183 etiam
1208 2152 1334 2196 patet,
1358 2140 1545 2194 syllabam
1575 2153 1664 2183 πολ.
1691 2143 1731 2184 in

463 2192 577 2234 versu
596 2195 755 2234 brevem
772 2194 857 2235 effe.
873 2196 1020 2235 ΚΕΗ-Ζ.

519 2252 593 2287 ead.
606 2250 630 2288 l.
652 2261 709 2297 ¹4·
725 2247 767 2287 Ὁ
783 2249 930 2289 ἐπὶτῶν
945 2248 1116 2302 θεσμῶν)
1130 2248 1213 2289 Cur
1227 2250 1355 2290 Solan.
1370 2249 1595 2289 varietatem
1612 2261 1745 2303 quaer
1762 2264 1764 2272 ’

467 2300 592 2347 fierit,
608 2302 745 2342 nescio.
770 2302 918 2355 Quidni
940 2303 1069 2342 enim&
1085 2303 1149 2342 ἐπὶ
1170 2303 1241 2342 τῶν
1256 2302 1409 2352 θεσμῶν
1425 2301 1733 2367 custodiaepraeft-
1760 2310 1764 2336 1

466 2358 552 2394 Ham
571 2354 777 2408 significet,
796 2369 917 2410 aeque
935 2370 979 2397 ac
997 2358 1098 2410 apud
1119 2358 1226 2397 LXX
1239 2388 1252 2404 ,
1272 2357 1373 2396 Dan.
1387 2356 1443 2396 Vl
1455 2386 1466 2405 ,
1483 2371 1522 2407 7,
1542 2355 1573 2396 οἱ
1589 2358 1652 2396 επὶ
1665 2355 1733 2398 τῆς
1759 2362 1764 2390 ³

469 2410 667 2454 βασιλείοις
686 2412 889 2463 praepositos
909 2426 1028 2464 regno,
1043 2411 1208 2465 satrapas
1227 2424 1290 2450 aut
1306 2412 1472 2464 praeficies
1501 2421 1633 2457 notat,
1652 2410 1764 2451 non*l

470 2462 595 2502 video.
609 2462 758 2503 Plenius
771 2465 980 2504 Herodian.
999 2465 1072 2510 ΙΙΙ,
1089 2480 1125 2516 3,
1145 2479 1212 2513 12,
1229 2464 1258 2504 οἱ
1274 2465 1337 2504 ἐπὶ
1353 2463 1532 2516 ἐρύματος
1549 2464 1734 2514 φύλακες.

468 2515 540 2557 Sed
553 2516 595 2557 δι
609 2515 716 2571 saepe
733 2517 764 2561 οἱ
785 2517 871 2566 ἐπὶ,
890 2518 967 2560 fine
989 2517 1227 2563 substantivo
1242 2517 1426 2573 personae
1444 2517 1641 2572 usurpari,
1657 2516 1733 2559 ut&
