1764 3419
224 236 316 281 IN.
352 236 505 282 PRO
553 234 1051 282 IMAGINIBUS.
1139 255 1273 297 ·4¹1

23 321 180 364 omnino
201 322 463 362 restituendam
483 323 586 363 duxi.
605 322 772 364 Abscissa
791 323 883 362 haec
901 334 1008 362 erant
1030 336 1120 363 cum
1140 327 1281 377 margi-

20 388 68 416 ne
89 376 127 413 in
147 376 202 414 M.
221 376 380 415 SoLAN.

72 429 163 479 Pag.
177 427 554 481 41.l.8.'Avoe‹95vm)
580 428 696 469 Conf.
718 428 814 468 infra
828 433 981 483 Περεγρ.
998 429 1014 479 §
1034 431 1094 469 26.
1116 431 1276 470 SOLAN.

70 485 144 521 ead.
156 483 180 520 l.
198 481 359 533 13.sle‘poe
369 481 436 520 τοῦ
446 482 601 534 μέτρου)
616 485 670 521 At
683 482 792 535 supra
806 483 851 522 de
866 483 956 522 Salt.
972 497 1004 522 c.
1022 498 1042 522 2
1052 497 1086 529 1,
1103 489 1198 535 ’πέρα
1211 483 1279 524 τοῦ

16 536 178 587 μετρίου.
200 535 304 574 Prius
327 535 471 574 Nostro
497 535 744 588 frequentius.
768 536 840 576 Sed
865 537 904 575 δι
925 536 1087 576 alterum
1103 538 1249 577 redium
1264 567 1276 585 ‚

18 589 173 640 eiusque
186 588 403 641 exemplum
425 601 477 628 ex.
494 589 648 629 Sozom.
671 590 769 629 dedit
792 590 1004 629 Hemsterh.
1030 591 1176 643 Nigrin.
1194 603 1281 644 cap.

22 655 69 696 30
90 641 115 681 f.
136 642 280 682 Rarrz.

69 697 142 734 ead.
156 696 178 735 l.
193 708 252 746 15.
273 696 328 735 Ἐν
351 695 518 749 μεγάλῳ
531 695 715 748 τιθεμένη)
739 695 798 736 Sic
813 709 834 735 e
849 697 1059 742 contrario,
1082 697 1120 736 ἐν
1135 697 1205 750 γέ)
1213 713 1282 737 ωτι

17 748 264 788 mario-acam.
280 748 432 800 Quom.
448 748 542 788 Hist.
557 763 590 789 c.
606 764 665 802 32.
681 749 796 801 Infra,
811 750 915 789 Tox.
931 763 963 790 c.
983 765 1031 790 22
1047 749 1070 788 f.
1090 751 1124 789 ἐν
1137 750 1282 800 παιδιᾷ

17 800 217 842 ἐποιοῦντο.
232 801 294 842 Sic
308 803 516 842 Herodian.
531 802 588 850 11,
603 817 643 855 7,
658 819 695 852 4,
709 801 817 855 εἶχον
835 803 871 842 ἑν
892 803 1178 855 καταφρονήσει,
1196 805 1283 843 alii-

15 867 93 908 que
108 854 249 908 paffim.
271 855 416 895 Rzlrz.

70 909 159 962 Pag.
174 923 237 962 43.
253 910 277 948 l.
297 922 328 957 5.
341 907 465 961 Ὅσῳ)
487 907 638 949 Omiffo
658 908 818 960 μᾶλλον,
836 909 938 949 conf.
960 909 1070 963 supra
1084 910 1222 950 Amor.
1236 924 1273 951 c.

19 974 80 1011 17.
97 961 250 1002 SOLAN.
274 961 387 1002 Conf.
405 962 535 1014 potius
548 962 657 1015 supra
669 973 800 1002 notata
820 963 865 1002 ad
878 976 950 1016 pro
965 963 1072 1017 Laps.
1093 978 1126 1004 c.
1147 978 1205 1004 12.
1231 964 1280 1003 Et

15 1014 111 1059 infra
125 1017 170 1055 ad
185 1014 284 1057 Gall.
300 1028 334 1055 c.
352 1015 397 1054 18
415 1029 465 1055 m.
484 1015 629 1055 Rarrz.

68 1072 142 1109 ead.
153 1071 176 1108 I.
192 1082 250 1110 12.
261 1068 491 1123 Ἐξοιγώνιοι)
510 1069 553 1108 Id
566 1069 619 1109 est
630 1100 642 1118 ‚
663 1069 733 1121 ἔξω
744 1068 811 1109 τοῦ
829 1070 975 1123 ἀγῶνος
990 1070 1095 1109 'duna
1110 1070 1280 1111 GUYET‚

67 1125 140 1162 ead.
154 1124 178 1161 l.
196 1124 253 1162 16.
266 1121 403 1162 Ταῦτά
413 1137 469 1162 σοι
486 1123 659 1174 ἔμμετρα
670 1123 794 1176 ἔδοξε)
807 1124 942 1162 Tauria
959 1138 1016 1163 σοι
1034 1122 1186 1175 ἄμετρα,
1201 1125 1281 1164 eso-

15 1171 69 1227 ξε.
90 1176 222 1229 Itaque
237 1176 430 1228 adiungit,
454 1176 521 1215 καὶ
542 1172 632 1227 ὑπὲρ
647 1181 710 1216 τὶν
730 1176 851 1216 orbsoe.
874 1177 1062 1216 MARCIL.
1086 1175 1279 1229 ’Ἐκμετρω

14 1227 150 1282 ἔδοξε)
171 1229 295 1282 Quod
320 1231 525 1270 editionem
536 1230 695 1270 Marcilii
716 1231 812 1270 male
826 1230 964 1270 habere
976 1231 1143 1282 ἔμμετρα
1158 1232 1194 1269 in
1210 1245 1282 1270 va-

15 1283 199 1333 riantibus
220 1284 361 1322 notarit
370 1283 548 1328 Seianus,
566 1284 601 1322 id
617 1283 742 1322 nescio
752 1296 801 1322 an
814 1285 943 1336 potius
953 1284 1089 1323 vitium
1103 1294 1283 1336 typogra-

15 1336 168 1391 phicum
184 1336 229 1376 fit
242 1337 281 1376 in
298 1337 461 1376 Marcilii
482 1336 606 1376 notis:
630 1350 717 1375 narn
739 1337 1003 1383 Bourdelotii‚
1030 1337 1213 1383 Marcilii,
1236 1338 1280 1378 δε

12 1390 181 1443 Cognati
198 1402 312 1431 notae
336 1391 379 1430 iis
403 1391 535 1443 plenae
551 1389 656 1438 sunt,
683 1391 848 1430 maxime
862 1403 987 1430 tamen
1003 1392 1142 1443 prioris
1162 1392 1279 1430 illius.

13 1443 84 1484 Sed
98 1445 194 1484 nihil
207 1443 341 1492 refert3
353 1456 444 1483 nam
457 1444 624 1496 ἔμμετρα
635 1444 832 1484 manifesto
843 1443 973 1484 falsum
987 1444 1057 1484 est:
1074 1446 1275 1497 quaeritur

13 1499 117 1539 enim
128 1509 276 1538 tantum
289 1528 301 1547 ,
315 1510 414 1537 anne
428 1496 588 1550 praestet
603 1499 752 1549 αμετροι
765 1511 837 1550 pro
849 1498 1033 1548 ἕκμετροω
1059 1500 1161 1550 prius
1175 1511 1280 1538 certe

13 1550 249 1604 frequentius
266 1551 443 1592 occurrit.
461 1552 515 1590 At
533 1551 694 1591 aiterum
710 1564 866 1604 quoque
883 1552 932 1591 ste
946 1551 1035 1603 legit
1051 1552 1086 1590 in
1105 1552 1279 1591 Luciano

13 1605 65 1646 H.
77 1606 205 1659 Stepb.
222 1606 269 1645 Et
285 1605 439 1645 adverb.
457 1606 571 1644 etiam
588 1604 770 1656 ἐκμέτρως
783 1606 931 1645 adducit
948 1606 1106 1644 aliunde.
1123 1605 1185 1645 De
1196 1619 1280 1658 quo

12 1660 169 1713 potiu5‚
188 1658 216 1698 ss
230 1659 398 1706 dubites,
419 1658 492 1697 vid.
507 1658 649 1699 Polluc.
674 1659 728 1705 V,
744 1658 780 1698 S.
801 1661 888 1708 167,
908 1661 952 1698 τὶ)
968 1657 1013 1697 δὲ
1029 1659 1196 1710 ἀμέτρως
1218 1660 1282 1698 λέ-

13 1726 114 1767 γειν,
137 1712 166 1752 εἰ
186 1712 254 1762 μὲν
273 1715 379 1751 κατὰ
392 1714 436 1751 τὸ
456 1714 584 1758 πλέον,
611 1712 793 1763 ἑκμὲτρως
814 1711 887 1751 &c.
915 1711 1041 1764 ipsum
1059 1725 1155 1751 vero
1168 1712 1280 1762 ἔκμε-

13 1781 97 1817 τρος
110 1766 175 1806 vel
186 1778 322 1819 quater
331 1767 498 1806 occurrit
514 1779 573 1818 ap.
586 1766 764 1813 eundem,
782 1766 889 1817 quod
901 1779 987 1805 cum
1000 1779 1048 1804 ex
1067 1766 1192 1806 Indice
1212 1779 1281 1817 ap-

13 1831 162 1873 pareat,
185 1819 434 1860 transcribere
458 1819 564 1858 nolo.
589 1819 714 1858 Immo
735 1820 806 1857 iam
823 1818 902 1858 fere
919 1820 1035 1858 credo
1046 1818 1223 1871 ἔμμετρον
1239 1821 1278 1858 in

12 1874 178 1914 Marcilii
192 1875 249 1914 ed.
264 1873 430 1921 lestum,
453 1873 597 1926 alioqui
613 1885 692 1912 non
713 1872 950 1913 emendaffet.
982 1873 1065 1912 Nos
1081 1886 1184 1913 certe
1205 1875 1281 1913 iam

13 1928 106 1968 nihil
122 1939 327 1968 mutamus.
354 1927 502 1966 Rau-z.

68 1982 149 2021 ibid.
161 1981 277 2032 Ὓπὲς
288 1984 352 2020 τὸν
363 1980 490 2033 πόθοι)
507 1980 608 2020 Vide
622 1979 885 2033 Paroemiogr.
907 1980 1081 2020 Eoum).

67 2035 158 2087 Pag.
181 2049 245 2084 44.
268 2036 290 2073 l.
321 2048 354 2072 2.
383 2034 579 2086 Ποιητὲις)
603 2034 740 2073 Horat.
765 2057 809 2064 —
839 2035 1026 2073 PiHorihus
1050 2047 1149 2086 atque
1167 2034 1279 2085 poetis

17 2090 194 2141 Quidlibet
206 2089 351 2127 audendi
356 2088 488 2141 semper
491 2087 567 2138 ficit
579 2103 686 2139 aequa
698 2089 851 2140 potestas.
877 2088 1035 2127 SOLAN.

67 2145 139 2182 ead.
155 2145 178 2182 l.
192 2157 224 2195 3.
236 2142 274 2181 Ei
289 2142 351 2180 m}
363 2143 502 2193 χοιμοιὶ
515 2142 578 2180 καὶ
590 2141 724 2188 βάδην,
743 2138 869 2192 ὥσπερ
886 2140 1004 2191 ὖμεῖς,
1021 2141 1124 2179 ἀλλὰ
1137 2138 1193 2190 μὴ
1207 2140 1274 2179 ἐπὶ

12 2198 155 2249 μέτρων
171 2195 354 2248 φέροιντο)
369 2196 405 2235 Ν
409 2195 546 2235 otanda
555 2196 714 2241 locutio,
727 2195 791 2234 ἐπὶ
803 2198 943 2246 μέτρων
955 2195 1158 2245 <pem-am,
1173 2207 1273 2246 quae

15 2261 95 2289 non
110 2250 266 2289 denotat
276 2261 405 2299 praeter
414 2252 545 2288 modum
550 2249 650 2299 ferri,
661 2261 703 2287 ut
718 2250 843 2299 inepte
858 2250 1065 2299 interpres;
1089 2247 1149 2287 sed
1168 2249 1203 2285 in
1214 2264 1281 2286 me-

15 2304 91 2348 tris,
109 2303 185 2343 h.e.
201 2304 463 2356 orationeligata
472 2303 522 2341 uti
532 2317 544 2342 :
561 2303 880 2355 quemadmodum
894 2313 1039 2345 contra,
1062 2301 1198 2355 χαμαὶ
1213 2300 1278 2339 καὶ

14 2355 136 2403 βέιὲην
152 2356 336 2409 φέρεσθαι
347 2387 359 2405 ,
379 2357 527 2396 oratione
537 2356 639 2407 prosa
653 2357 714 2395 ati.
738 2356 871 2395 Similis
884 2356 990 2395 locus
1001 2353 1054 2393 est
1071 2358 1108 2393 in
1123 2355 1185 2394 Bis
1197 2354 1281 2393 Ac-

15 2409 197 2450 cusatoc.
210 2425 273 2463 33,
286 2411 349 2449 ιιοιὶ
365 2409 448 2450 οὔτε
459 2409 569 2461 πεζός
580 2410 669 2460 εἰμι,
678 2409 762 2449 οὔτε
778 2409 841 2448 ἐπὶ
855 2407 927 2448 τῶν
939 2412 1080 2459 μέτρων
1098 2407 1164 2459 (fic
1177 2408 1278 2446 enim

15 2463 66 2503 ibi
88 2464 286 2517 legendum
300 2494 312 2511 ,
326 2477 398 2516 pro
409 2464 614 2512 μετεώρων,
634 2464 734 2503 reete
747 2462 927 2502 monuit&
943 2466 1046 2502 πάνυ
1063 2460 1276 2508 Graevius)

18 2517 170 2564 βέβηκα.
198 2517 241 2557 L.
257 2518 354 2558 Bos.
378 2517 456 2557 Nisi
476 2518 587 2558 nimis
600 2529 738 2557 notum
758 2517 977 2561 arbitrarer,
1003 2514 1178 2554 adderem
1192 2514 1279 2554 Hor
