1764 3419
465 236 556 286 ςῳ
661 218 1529 267 ΑΝΝΟΤΑΤῙΟΝΕε

459 309 596 358 Deos;
615 309 676 349 hic
688 338 701 354 ‚
715 321 808 348 vere
831 320 900 348 eos
920 306 993 347 esse
1006 337 1018 355 ‚
1042 305 1323 346 contendentes.
1339 305 1425 346 Post
1440 306 1545 346 varia
1556 305 1658 347 ultro
1672 306 1723 347 ci-

461 374 604 415 troque
616 363 711 402 dieta
726 392 737 409 ,
760 373 870 414 rogat
883 361 1032 400 tandem
1053 360 1248 399 Timocles
1264 359 1403 398 Damin
1416 389 1426 404 ,
1445 373 1535 399 num
1555 373 1650 414 ergo
1663 362 1722 400 ni·

461 417 516 456 hil
537 417 610 456 sani
627 417 766 456 iudicet
782 417 904 455 dicere
917 413 1132 465 Euripidem
1143 443 1155 461 ‚
1171 426 1259 452 cum
1274 413 1383 452 Deos
1396 415 1432 451 in
1453 412 1597 453 scenam
1611 415 1723 453 indu-

463 483 555 510 cens
567 501 578 517 ‚
600 483 667 509 eos
686 471 799 508 faciat
813 469 974 506 heroum
989 466 1218 511 servatores,
1235 467 1442 519 impiorum
1459 467 1634 506 vindices.
1652 469 1723 514 At,

463 525 585 576 inquit
600 523 760 568 Darnis,
784 521 812 560 fi
833 522 906 560 hoc
923 520 1041 559 modo
1062 520 1153 565 tibi,
1167 532 1193 558 o
1207 520 1334 565 bone,
1354 519 1601 572 persuaserint
1621 521 1722 560 Tra-

466 579 551 631 gici,
567 586 720 627 oportet
736 585 779 613 ut
795 574 904 614 Deos
918 573 1068 613 censeas
1081 573 1142 611 vel
1155 571 1254 622 ipsos
1268 573 1504 626 hypocritas,
1519 571 1602 627 (qui
1614 586 1722 614 nem·

466 644 513 683 pe
534 641 658 682 partes
682 631 716 667 in
741 627 848 667 scena
869 628 1006 680 agunt)
1027 626 1091 667 vel
1106 627 1342 672 cothurnos,
1366 628 1406 666 δι
1424 627 1609 680 reliquam
1625 627 1723 668 Tra-

466 685 585 735 gicam
611 682 758 728 σκευῆν,
777 681 914 733 quibus
932 681 985 720 ilii
1005 681 1243 733 Tragoediae
1266 679 1489 720 maiestatem
1511 692 1662 733 augent.
1683 680 1725 722 Si

467 739 517 776 ita
542 735 754 781 existimas,
778 735 814 774 id
840 747 937 774 vero
957 734 1124 774 maxime
1148 733 1346 773 ridiculum
1377 734 1524 782 iudic03
1543 750 1618 774 cum
1639 734 1740 787 ((ιεῖ

469 802 582 830 verto
604 789 754 840 Graeca
780 789 920 834 verba,
941 801 1040 840 quae
1061 787 1272 841 proposui)
1297 790 1353 827 ubi
1372 803 1434 842 per
1449 789 1488 840 fi
1511 790 1722 842 Euripides',

468 844 564 884 nulla
579 843 778 895 fabularum
791 844 969 894 neceffi'tate
985 844 1023 880 id
1032 842 1197 894 exigente,
1212 858 1251 880 ea
1262 872 1273 890 ‚
1292 843 1448 895 quaesibi
1462 842 1652 889 videantur,
1668 845 1722 882 di-

467 899 515 938 cit
524 929 535 945 ‚
551 898 697 937 audieris
711 911 781 936 eum
797 897 981 948 aliquando
995 896 1087 934 libere
1099 897 1371 945 pronuntiantem
1381 926 1392 943 ‚
1407 893 1514 948 Ὁρᾷς
1527 899 1591 937 τὶν
1607 894 1722 947 ὑψοῦ,

470 956 534 993 τὶν
555 951 592 991 δ’
613 949 762 1002 ἄπειρον
779 950 924 1001 αἰθέρα,
945 950 1014 988 Καὶ
1032 947 1105 1003 γῆν
1125 949 1234 1000 πέριξ
1250 948 1373 1001 ἔχονθ’
1394 946 1526 1004 ὑγραῖς
1541 950 1576 990 ἐν
1595 949 1724 1004 ἅγιά,-

468 1004 713 1047 λαιις,Τοῦτον
727 1004 848 1055 νόμιζε
864 1003 968 1043 zava·
981 1002 1082 1043 ‘chus’
1096 999 1190 1056 ἦγού
1204 1004 1284 1044 θεὸν
1308 1004 1409 1042 Vides
1417 1003 1599 1056 supernum
1603 1004 1725 1056 simul,

470 1058 505 1097 δ’
518 1059 707 1107 immensam
724 1059 880 1104 aethera,
907 1059 1043 1096 Terram
1066 1057 1214 1096 humidis
1232 1058 1537 1110 circumplec‘lentem
1559 1058 1720 1105 brachiis,

470 1112 571 1152 Illum
590 1112 700 1151 Iovem
713 1112 872 1150 arbitrare
883 1127 898 1158 ;
913 1112 1001 1150 hunc
1014 1110 1073 1162 ff
1081 1123 1168 1163 puta
1182 1113 1307 1151 Deum.
1323 1110 1470 1160 Ἀκοὺσῃ
1492 1111 1546 1150 est
1559 1110 1722 1151 secunda

470 1165 632 1219 persona
645 1167 744 1205 Aor.
763 1179 792 1204 1.
808 1166 910 1205 Subi.
936 1165 1066 1204 Medii.
1089 1165 1131 1204 In
1155 1178 1236 1217 quo
1259 1165 1513 1205 hallucinatus
1534 1164 1589 1205 est
1611 1166 1728 1204 inter·
1763 1181 1764 1206 ι

471 1233 560 1273 pres
570 1251 581 1268 ,
602 1232 753 1260 vertens
767 1221 896 1266 audies,
916 1217 1023 1271 quafi
1037 1217 1126 1259 effer
1142 1218 1202 1260 hic
1213 1218 1260 1258 ab
1275 1218 1503 1269 ἀκούσομαι,
1515 1232 1604 1259 cum
1617 1217 1661 1258 stt
1673 1218 1722 1258 ab

470 1273 700 1324 ἀκούσωμαι.
717 1274 822 1313 IENS.

525 1330 590 1366 ead
610 1329 631 1366 l.
651 1342 683 1367 2.
697 1327 844 1375 'Ambo-21
860 1322 980 1365 αὖα-οῦ
997 1326 1122 1379 ποτε)
1144 1326 1188 1366 In
1210 1325 1289 1366 Ox.
1304 1322 1462 1366 ἄκουσον
1481 1323 1598 1366 αὖα-οῦ
1619 1325 1722 1366 τότε.

470 1380 516 1420 In
531 1382 572 1420 L.
589 1382 699 1421 etiam
716 1382 805 1420 τότε
818 1411 829 1428 ,
847 1380 952 1432 quod
969 1380 1008 1419 &
1024 1381 1228 1432 genuinum
1245 1379 1392 1420 censeo.
1404 1380 1560 1420 SOLAN.
1571 1378 1723 1428 Ἀκοὺσῃ

473 1434 512 1473 &
532 1435 692 1486 &weipov'
703 1434 720 1487 )
731 1434 830 1473 Cum
845 1434 882 1472 in
898 1446 1015 1485 marg.
1034 1434 1119 1472 ΑΜ.
1137 1436 1295 1483 &novo-ov
1314 1433 1391 1473 stne
1403 1433 1532 1486 figno,
1550 1447 1631 1486 quo
1643 1445 1727 1486 per-

472 1489 588 1526 tineat
599 1516 610 1535 ‚
632 1489 683 1526 ita
705 1487 929 1540 adscriptum
942 1486 1031 1527 ess‘et
1042 1488 1139 1527 inter
1152 1487 1301 1538 ἄπειρον
1321 1487 1361 1527 δι
1376 1487 1538 1536 ἀκούσῃ,
1553 1500 1595 1527 ut
1610 1498 1724 1527 utro·

472 1543 532 1580 vis
546 1541 644 1580 trahi
664 1541 798 1593 poffit·,
816 1540 1026 1593 suspicabar
1044 1542 1196 1594 quidem
1209 1571 1222 1588 ,
1242 1542 1281 1581 δι
1302 1542 1423 1581 adhuc
1441 1540 1621 1594 suspicor,
1636 1540 1726 1581 scri-

471 1594 623 1634 bentem
644 1610 798 1635 ακουσον
820 1607 892 1647 pro
913 1594 1049 1645 ἀκούσῃ
1072 1607 1206 1634 notare
1220 1594 1406 1644 voluiffe,
1427 1595 1515 1647 quia
1533 1595 1573 1634 δι
1590 1595 1642 1635 fic
1661 1593 1725 1633 alii

472 1649 547 1688 bini
560 1648 683 1689 Codd.
706 1650 856 1689 habent.
879 1648 1032 1688 Interim
1057 1650 1146 1700 quia
1165 1647 1326 1699 ἄμουσον
1350 1662 1391 1688 re
1412 1661 1506 1688 vera
1527 1649 1646 1701 magis
1664 1660 1725 1688 re-

469 1701 678 1753 spondebat
692 1703 747 1750 τῷ
769 1702 928 1754 &respon
952 1705 975 1741 i.
1001 1715 1032 1742 e.
1055 1704 1208 1754 quando
1225 1704 1271 1741 ab
1291 1702 1395 1742 reato
1412 1703 1561 1754 ἄπειρος
1582 1703 1721 1749 oritur,

472 1757 511 1796 &
529 1760 642 1796 rudem
656 1768 764 1796 notat
776 1788 786 1804 ,
805 1758 840 1796 id
856 1759 892 1795 in
910 1757 1085 1795 variantt.
1102 1769 1151 1796 eo
1166 1757 1305 1809 apponi
1322 1755 1400 1795 sum
1415 1755 1559 1808 paffus3
1579 1755 1647 1796 etsi
1659 1756 1726 1795 ab·

470 1809 624 1850 surdum
650 1811 759 1862 plane
777 1810 853 1858 est,
874 1810 903 1849 fi
923 1809 1040 1850 scriba
1060 1811 1104 1849 de
1124 1811 1197 1850 hoc
1218 1810 1406 1849 adieehvo
1421 1809 1471 1850 fic
1485 1809 1616 1859 sens1t;
1631 1822 1723 1849 nam

471 1863 532 1903 hic
556 1865 714 1916 &vrsipov’
733 1863 807 1904 effe
824 1878 845 1904 a
864 1865 1110 1904 nominativo
1131 1864 1305 1916 ἐπείρων,
1326 1863 1524 1916 immensus,
1542 1865 1651 1903 nimis
1667 1862 1724 1903 est

470 1930 666 1970 apertum:
689 1918 851 1970 ideoque
871 1919 1145 1970 apostrophum
1162 1919 1199 1957 in
1212 1918 1295 1958 edd.
1320 1916 1555 1958 deficientem
1578 1917 1724 1965 addidi,

468 1984 515 2011 nt
529 1971 654 2012 valeat
670 1985 743 2024 pro
757 1971 948 2021 ἀπείρονα.
962 1973 1102 2012 Rem.

526 2032 598 2064 ead.
612 2027 637 2065 l.
651 2042 687 2075 4.
700 2024 804 2075 ‘Opic
830 2025 938 2073 &c.)
964 2027 1064 2066 Inter
1090 2026 1275 2078 Euripidis
1297 2024 1526 2078 fragmenta,
1548 2038 1723 2079 quorum

469 2079 696 2131 ignorantur
711 2078 874 2127 fabulae,
888 2094 923 2118 v.
939 2093 972 2118 1.
985 2080 1068 2119 Cic.
1087 2081 1132 2120 de
1144 2080 1232 2119 Nat.
1246 2079 1368 2119 Deor.
1380 2079 1438 2127 11,
1455 2078 1496 2119 δι
1511 2079 1605 2120 Plut.
1621 2078 1723 2119 1066

469 2131 496 2173 f.
516 2146 628 2186 1397,
642 2134 682 2173 δι
699 2135 812 2184 1695,
827 2148 871 2178 2,
890 2134 1095 2173 meminere
1115 2135 1252 2173 horum
1275 2132 1453 2173 versuum
1466 2165 1477 2181 ‚
1499 2133 1601 2187 apud
1618 2145 1722 2186 quos

470 2199 606 2226 omnes
619 2185 754 2240 ὑγραῖς
767 2187 914 2239 legitur.
929 2188 1016 2226 Vid.
1040 2189 1151 2227 etiam
1168 2186 1289 2227 Clem.
1304 2185 1413 2226 A'lex.
1427 2201 1462 2239 p.
1481 2201 1530 2226 m.
1549 2201 1615 2234 12,
1632 2201 1666 2226 2.
1679 2184 1720 2225 P.

470 2250 597 2280 tamen
612 2242 723 2281 etiam
736 2241 890 2291 δερμαῖς
903 2240 1086 2292 agnoscit,
1096 2242 1136 2281 δι
1155 2241 1377 2280 Athenaeus
1390 2254 1474 2294 p.53
1493 2240 1544 2281 D.
1560 2240 1720 2281 SOLAN.

469 2293 631 2335 Nobiles
646 2294 851 2334 senariolos
866 2296 989 2344 primo
1002 2296 1137 2334 merito
1151 2295 1240 2334 loco
1259 2295 1358 2333 inter
1379 2294 1586 2347 fragmenta
1599 2295 1721 2334 incer·

468 2358 591 2387 tarum
613 2348 805 2400 Euripidis
817 2349 1118 2401 Tragoediarum
1138 2348 1262 2402 posuit
1281 2347 1489 2388 Barnefius.
1512 2347 1720 2396 Dedimus,

467 2414 583 2453 quam
605 2403 643 2442 δι
664 2401 741 2454 ipse
761 2401 950 2450 servavit,
967 2402 1181 2442 verfionem
1198 2403 1247 2442 H.
1270 2401 1414 2447 Grotii,
1438 2415 1535 2454 quae
1553 2412 1718 2441 metrum

467 2455 634 2495 auetoris
648 2469 735 2495 cum
751 2454 931 2496 sententia
947 2456 1103 2508 pulchre
1118 2455 1262 2505 servet,
1284 2455 1352 2495 nifi
1372 2456 1475 2508 quod
1497 2469 1568 2508 pro
1593 2452 1602 2464 ‘
1637 2454 1724 2507 ροιῖς

463 2507 542 2562 ipse
557 2509 667 2550 nimis
679 2509 726 2552 ad
748 2510 910 2552 verbum
928 2510 1028 2551 dedit
1047 2511 1177 2559 uvidis,·
1190 2511 1296 2566 quod
1314 2521 1410 2565 puto
1429 2512 1557 2564 potius
1639 2539 1654 2559 ,
1674 2518 1719 2549 ut
