<?xml version="1.0" encoding="UTF-8"?>
<!DOCTYPE html PUBLIC "-//W3C//DTD XHTML 1.0 Transitional//EN"
    "http://www.w3.org/TR/xhtml1/DTD/xhtml1-transitional.dtd">
<html xmlns="http://www.w3.org/1999/xhtml" xml:lang="en" lang="en">
 <head>
  <title>
</title>
<meta http-equiv="Content-Type" content="text/html;charset=utf-8" />
  <meta name='ocr-system' content='tesseract 3.04.00' />
  <meta name='ocr-capabilities' content='ocr_page ocr_carea ocr_par ocr_line ocrx_word'/>
</head>
<body>
  <div class='ocr_page' id='page_1' title='image "./operagraeceetlat06luciuoft/operagraeceetlat06luciuoft_0570.png"; bbox 0 0 1764 3419; ppageno 0'>
   <div class='ocr_carea' id='block_1_1' title="bbox 439 220 1501 286">
    <p class='ocr_par' dir='ltr' id='par_1_1' title="bbox 439 220 1501 286">
     <span class='ocr_line' id='line_1_1' title="bbox 439 220 1501 286; baseline 0.001 -17"><span class='ocrx_word' id='word_1_1' title='bbox 439 221 527 286; x_wconf 55' lang='lat' dir='ltr'><strong>5ss</strong></span> <span class='ocrx_word' id='word_1_2' title='bbox 635 220 1501 271; x_wconf 77' lang='lat' dir='ltr'><strong>ANNoTATloNES</strong></span> 
     </span>
    </p>
   </div>
   <div class='ocr_carea' id='block_1_2' title="bbox 433 309 1703 1704">
    <p class='ocr_par' dir='ltr' id='par_1_2' title="bbox 433 309 1703 1704">
     <span class='ocr_line' id='line_1_2' title="bbox 433 309 1694 364; baseline 0.004 -15"><span class='ocrx_word' id='word_1_3' title='bbox 433 311 472 349; x_wconf 83' lang='lat' dir='ltr'><strong>in</strong></span> <span class='ocrx_word' id='word_1_4' title='bbox 489 310 624 364; x_wconf 77' lang='lat' dir='ltr'><strong>Anglia</strong></span> <span class='ocrx_word' id='word_1_5' title='bbox 637 312 785 351; x_wconf 87' lang='lat' dir='ltr'><strong>tandem</strong></span> <span class='ocrx_word' id='word_1_6' title='bbox 806 322 970 351; x_wconf 87' lang='lat' dir='ltr'><strong>notatus.</strong></span> <span class='ocrx_word' id='word_1_7' title='bbox 989 310 1060 350; x_wconf 87' lang='lat' dir='ltr'><strong>Sed</strong></span> <span class='ocrx_word' id='word_1_8' title='bbox 1076 310 1134 349; x_wconf 87' lang='lat' dir='ltr'><strong>his</strong></span> <span class='ocrx_word' id='word_1_9' title='bbox 1145 309 1272 356; x_wconf 73' lang='lat' dir='ltr'><strong>mistis,</strong></span> <span class='ocrx_word' id='word_1_10' title='bbox 1284 323 1385 362; x_wconf 90' lang='lat' dir='ltr'><strong>quae</strong></span> <span class='ocrx_word' id='word_1_11' title='bbox 1397 310 1507 350; x_wconf 93' lang='lat' dir='ltr'><strong>dolor</strong></span> <span class='ocrx_word' id='word_1_12' title='bbox 1521 310 1694 361; x_wconf 79' lang='lat' dir='ltr'><strong>extorsit,</strong></span> 
     </span>
     <span class='ocr_line' id='line_1_3' title="bbox 436 364 1693 416; baseline 0.002 -13"><span class='ocrx_word' id='word_1_13' title='bbox 436 366 482 403; x_wconf 90' lang='lat' dir='ltr'><strong>ad</strong></span> <span class='ocrx_word' id='word_1_14' title='bbox 496 366 706 404; x_wconf 64' lang='lat' dir='ltr'><strong>Lucianum</strong></span> <span class='ocrx_word' id='word_1_15' title='bbox 722 367 792 405; x_wconf 90' lang='lat' dir='ltr'><strong>iam</strong></span> <span class='ocrx_word' id='word_1_16' title='bbox 807 366 1012 404; x_wconf 83' lang='lat' dir='ltr'>redeamus.</span> <span class='ocrx_word' id='word_1_17' title='bbox 1034 364 1205 403; x_wconf 86' lang='lat' dir='ltr'><strong>Damidis</strong></span> <span class='ocrx_word' id='word_1_18' title='bbox 1225 364 1403 403; x_wconf 88' lang='lat' dir='ltr'><strong>adversus</strong></span> <span class='ocrx_word' id='word_1_19' title='bbox 1417 365 1693 416; x_wconf 88' lang='lat' dir='ltr'><strong>providentiam</strong></span> 
     </span>
     <span class='ocr_line' id='line_1_4' title="bbox 439 417 1696 470; baseline 0.003 -14"><span class='ocrx_word' id='word_1_20' title='bbox 439 431 756 469; x_wconf 81' lang='lat' dir='ltr'><strong>argumentorum</strong></span> <span class='ocrx_word' id='word_1_21' title='bbox 770 430 851 458; x_wconf 87' lang='lat' dir='ltr'><strong>tota</strong></span> <span class='ocrx_word' id='word_1_22' title='bbox 867 419 975 457; x_wconf 76' lang='lat' dir='ltr'><strong>visin</strong></span> <span class='ocrx_word' id='word_1_23' title='bbox 989 431 1037 457; x_wconf 92' lang='lat' dir='ltr'><strong>eo</strong></span> <span class='ocrx_word' id='word_1_24' title='bbox 1053 417 1119 463; x_wconf 87' lang='lat' dir='ltr'><strong>est,</strong></span> <span class='ocrx_word' id='word_1_25' title='bbox 1134 419 1238 470; x_wconf 89' lang='lat' dir='ltr'><strong>quod</strong></span> <span class='ocrx_word' id='word_1_26' title='bbox 1255 418 1291 455; x_wconf 90' lang='lat' dir='ltr'><strong>in</strong></span> <span class='ocrx_word' id='word_1_27' title='bbox 1306 418 1418 457; x_wconf 90' lang='lat' dir='ltr'><strong>rebus</strong></span> <span class='ocrx_word' id='word_1_28' title='bbox 1433 418 1607 459; x_wconf 88' lang='lat' dir='ltr'><strong>humanis</strong></span> <span class='ocrx_word' id='word_1_29' title='bbox 1627 420 1696 460; x_wconf 92' lang='lat' dir='ltr'><strong>bo-</strong></span> 
     </span>
     <span class='ocr_line' id='line_1_5' title="bbox 436 470 1696 525; baseline 0.002 -14"><span class='ocrx_word' id='word_1_30' title='bbox 436 473 495 510; x_wconf 88' lang='lat' dir='ltr'><strong>nis</strong></span> <span class='ocrx_word' id='word_1_31' title='bbox 508 485 548 511; x_wconf 93' lang='lat' dir='ltr'><strong>ut</strong></span> <span class='ocrx_word' id='word_1_32' title='bbox 564 473 767 525; x_wconf 86' lang='lat' dir='ltr'><strong>plurimum</strong></span> <span class='ocrx_word' id='word_1_33' title='bbox 780 473 877 510; x_wconf 88' lang='lat' dir='ltr'><strong>male</strong></span> <span class='ocrx_word' id='word_1_34' title='bbox 896 472 971 518; x_wconf 84' lang='lat' dir='ltr'><strong>est,</strong></span> <span class='ocrx_word' id='word_1_35' title='bbox 993 471 1099 510; x_wconf 86' lang='lat' dir='ltr'><strong>malis</strong></span> <span class='ocrx_word' id='word_1_36' title='bbox 1120 471 1228 510; x_wconf 89' lang='lat' dir='ltr'><strong>bene.</strong></span> <span class='ocrx_word' id='word_1_37' title='bbox 1250 470 1367 522; x_wconf 86' lang='lat' dir='ltr'><strong>Quae</strong></span> <span class='ocrx_word' id='word_1_38' title='bbox 1387 472 1487 510; x_wconf 91' lang='lat' dir='ltr'><strong>enim</strong></span> <span class='ocrx_word' id='word_1_39' title='bbox 1502 471 1696 513; x_wconf 85' lang='lat' dir='ltr'><strong>aliaaffert</strong></span> 
     </span>
     <span class='ocr_line' id='line_1_6' title="bbox 435 525 1696 578; baseline 0.002 -14"><span class='ocrx_word' id='word_1_40' title='bbox 435 538 672 577; x_wconf 83' lang='lat' dir='ltr'><strong>argumenta,</strong></span> <span class='ocrx_word' id='word_1_41' title='bbox 682 538 747 565; x_wconf 87' lang='lat' dir='ltr'><strong>aut</strong></span> <span class='ocrx_word' id='word_1_42' title='bbox 761 538 831 564; x_wconf 90' lang='lat' dir='ltr'><strong>nos</strong></span> <span class='ocrx_word' id='word_1_43' title='bbox 841 525 1072 565; x_wconf 83' lang='lat' dir='ltr'><strong>Christianos</strong></span> <span class='ocrx_word' id='word_1_44' title='bbox 1086 537 1164 564; x_wconf 90' lang='lat' dir='ltr'><strong>non</strong></span> <span class='ocrx_word' id='word_1_45' title='bbox 1177 536 1351 576; x_wconf 82' lang='lat' dir='ltr'><strong>tangunt,</strong></span> <span class='ocrx_word' id='word_1_46' title='bbox 1363 535 1425 564; x_wconf 92' lang='lat' dir='ltr'><strong>aut</strong></span> <span class='ocrx_word' id='word_1_47' title='bbox 1441 526 1548 578; x_wconf 88' lang='lat' dir='ltr'><strong>parvi</strong></span> <span class='ocrx_word' id='word_1_48' title='bbox 1561 526 1696 566; x_wconf 84' lang='lat' dir='ltr'><strong>admo·</strong></span> 
     </span>
     <span class='ocr_line' id='line_1_7' title="bbox 437 577 1696 631; baseline 0.002 -14"><span class='ocrx_word' id='word_1_49' title='bbox 437 579 527 617; x_wconf 87' lang='lat' dir='ltr'><strong>dum</strong></span> <span class='ocrx_word' id='word_1_50' title='bbox 544 580 725 618; x_wconf 82' lang='lat' dir='ltr'>momenti</span> <span class='ocrx_word' id='word_1_51' title='bbox 739 578 884 618; x_wconf 89' lang='lat' dir='ltr'><strong>sunt.1d</strong></span> <span class='ocrx_word' id='word_1_52' title='bbox 896 589 1023 617; x_wconf 89' lang='lat' dir='ltr'><strong>autem</strong></span> <span class='ocrx_word' id='word_1_53' title='bbox 1037 578 1148 630; x_wconf 88' lang='lat' dir='ltr'><strong>quale</strong></span> <span class='ocrx_word' id='word_1_54' title='bbox 1162 577 1205 616; x_wconf 78' lang='lat' dir='ltr'><strong>stt</strong></span> <span class='ocrx_word' id='word_1_55' title='bbox 1218 578 1473 631; x_wconf 79' lang='lat' dir='ltr'><strong>expensuruS,</strong></span> <span class='ocrx_word' id='word_1_56' title='bbox 1487 591 1601 630; x_wconf 89' lang='lat' dir='ltr'><strong>quam</strong></span> <span class='ocrx_word' id='word_1_57' title='bbox 1617 581 1696 620; x_wconf 90' lang='lat' dir='ltr'><strong>ine-</strong></span> 
     </span>
     <span class='ocr_line' id='line_1_8' title="bbox 436 631 1694 684; baseline 0.004 -15"><span class='ocrx_word' id='word_1_58' title='bbox 436 634 491 683; x_wconf 86' lang='lat' dir='ltr'><strong>pti</strong></span> <span class='ocrx_word' id='word_1_59' title='bbox 517 633 658 671; x_wconf 88' lang='lat' dir='ltr'><strong>iudices</strong></span> <span class='ocrx_word' id='word_1_60' title='bbox 679 633 872 671; x_wconf 89' lang='lat' dir='ltr'><strong>bonorum</strong></span> <span class='ocrx_word' id='word_1_61' title='bbox 895 632 1163 684; x_wconf 90' lang='lat' dir='ltr'><strong>malorumque</strong></span> <span class='ocrx_word' id='word_1_62' title='bbox 1177 631 1290 670; x_wconf 75' lang='lat' dir='ltr'><strong>simus</strong></span> <span class='ocrx_word' id='word_1_63' title='bbox 1304 644 1375 670; x_wconf 89' lang='lat' dir='ltr'><strong>nos</strong></span> <span class='ocrx_word' id='word_1_64' title='bbox 1394 631 1694 681; x_wconf 73' lang='lat' dir='ltr'><strong>homunciones,</strong></span> 
     </span>
     <span class='ocr_line' id='line_1_9' title="bbox 435 684 1696 739; baseline 0.003 -16"><span class='ocrx_word' id='word_1_65' title='bbox 435 686 541 736; x_wconf 87' lang='lat' dir='ltr'><strong>quod</strong></span> <span class='ocrx_word' id='word_1_66' title='bbox 555 685 786 725; x_wconf 82' lang='lat' dir='ltr'><strong>Christianus</strong></span> <span class='ocrx_word' id='word_1_67' title='bbox 805 698 978 739; x_wconf 86' lang='lat' dir='ltr'><strong>poteram</strong></span> <span class='ocrx_word' id='word_1_68' title='bbox 991 716 1002 733; x_wconf 97' lang='lat'><strong>,</strong></span> <span class='ocrx_word' id='word_1_69' title='bbox 1025 697 1104 724; x_wconf 90' lang='lat' dir='ltr'><strong>non</strong></span> <span class='ocrx_word' id='word_1_70' title='bbox 1130 687 1200 723; x_wconf 86' lang='lat' dir='ltr'><strong>iam</strong></span> <span class='ocrx_word' id='word_1_71' title='bbox 1223 697 1404 736; x_wconf 83' lang='lat' dir='ltr'><strong>regeram.</strong></span> <span class='ocrx_word' id='word_1_72' title='bbox 1439 687 1491 724; x_wconf 91' lang='lat' dir='ltr'><strong>At</strong></span> <span class='ocrx_word' id='word_1_73' title='bbox 1515 697 1558 724; x_wconf 86' lang='lat' dir='ltr'><strong>ut</strong></span> <span class='ocrx_word' id='word_1_74' title='bbox 1579 684 1696 727; x_wconf 79' lang='lat' dir='ltr'><strong>facilis</strong></span> 
     </span>
     <span class='ocr_line' id='line_1_10' title="bbox 436 738 1697 792; baseline 0.003 -16"><span class='ocrx_word' id='word_1_75' title='bbox 436 740 544 786; x_wconf 89' lang='lat' dir='ltr'><strong>dem,</strong></span> <span class='ocrx_word' id='word_1_76' title='bbox 566 739 691 778; x_wconf 87' lang='lat' dir='ltr'><strong>bonos</strong></span> <span class='ocrx_word' id='word_1_77' title='bbox 706 739 803 784; x_wconf 83' lang='lat' dir='ltr'><strong>effe,</strong></span> <span class='ocrx_word' id='word_1_78' title='bbox 825 740 862 778; x_wconf 90' lang='lat' dir='ltr'><strong>in</strong></span> <span class='ocrx_word' id='word_1_79' title='bbox 883 739 1020 792; x_wconf 86' lang='lat' dir='ltr'><strong>quibus</strong></span> <span class='ocrx_word' id='word_1_80' title='bbox 1035 738 1239 778; x_wconf 80' lang='lat' dir='ltr'><strong>honestatis</strong></span> <span class='ocrx_word' id='word_1_81' title='bbox 1250 739 1375 790; x_wconf 89' lang='lat' dir='ltr'><strong>aliqua</strong></span> <span class='ocrx_word' id='word_1_82' title='bbox 1396 738 1535 791; x_wconf 91' lang='lat' dir='ltr'><strong>species</strong></span> <span class='ocrx_word' id='word_1_83' title='bbox 1549 738 1622 787; x_wconf 84' lang='lat' dir='ltr'><strong>est;</strong></span> <span class='ocrx_word' id='word_1_84' title='bbox 1643 741 1697 780; x_wconf 84' lang='lat' dir='ltr'><strong>ita</strong></span> 
     </span>
     <span class='ocr_line' id='line_1_11' title="bbox 438 792 1699 844; baseline 0.002 -14"><span class='ocrx_word' id='word_1_85' title='bbox 438 793 534 830; x_wconf 80' lang='lat' dir='ltr'><strong>bonis</strong></span> <span class='ocrx_word' id='word_1_86' title='bbox 546 794 631 831; x_wconf 82' lang='lat' dir='ltr'><strong>male</strong></span> <span class='ocrx_word' id='word_1_87' title='bbox 645 793 719 844; x_wconf 72' lang='lat' dir='ltr'><strong>effe,</strong></span> <span class='ocrx_word' id='word_1_88' title='bbox 744 792 771 832; x_wconf 87' lang='lat' dir='ltr'>fi</span> <span class='ocrx_word' id='word_1_89' title='bbox 784 805 861 832; x_wconf 90' lang='lat' dir='ltr'><strong>rem</strong></span> <span class='ocrx_word' id='word_1_90' title='bbox 878 795 952 832; x_wconf 88' lang='lat' dir='ltr'><strong>rite</strong></span> <span class='ocrx_word' id='word_1_91' title='bbox 967 803 1143 844; x_wconf 86' lang='lat' dir='ltr'><strong>putemus</strong></span> <span class='ocrx_word' id='word_1_92' title='bbox 1156 821 1167 838; x_wconf 95' lang='lat'><strong>,</strong></span> <span class='ocrx_word' id='word_1_93' title='bbox 1190 804 1431 844; x_wconf 83' lang='lat' dir='ltr'>nequaquam</span> <span class='ocrx_word' id='word_1_94' title='bbox 1441 823 1453 840; x_wconf 84' lang='lat'><strong>‚</strong></span> <span class='ocrx_word' id='word_1_95' title='bbox 1466 792 1637 844; x_wconf 85' lang='lat' dir='ltr'>plurimis</span> <span class='ocrx_word' id='word_1_96' title='bbox 1650 795 1699 834; x_wconf 84' lang='lat' dir='ltr'><strong>de</strong></span> 
     </span>
     <span class='ocr_line' id='line_1_12' title="bbox 438 845 1695 899; baseline 0.002 -15"><span class='ocrx_word' id='word_1_97' title='bbox 438 845 584 892; x_wconf 83' lang='lat' dir='ltr'><strong>caufis,</strong></span> <span class='ocrx_word' id='word_1_98' title='bbox 603 846 718 899; x_wconf 88' lang='lat' dir='ltr'><strong>iisque</strong></span> <span class='ocrx_word' id='word_1_99' title='bbox 739 845 982 899; x_wconf 77' lang='lat' dir='ltr'><strong>gravissimis,</strong></span> <span class='ocrx_word' id='word_1_100' title='bbox 997 845 1254 886; x_wconf 72' lang='lat' dir='ltr'><strong>concesserim.</strong></span> <span class='ocrx_word' id='word_1_101' title='bbox 1277 846 1412 897; x_wconf 86' lang='lat' dir='ltr'><strong>Neque</strong></span> <span class='ocrx_word' id='word_1_102' title='bbox 1424 847 1526 884; x_wconf 91' lang='lat' dir='ltr'><strong>enim</strong></span> <span class='ocrx_word' id='word_1_103' title='bbox 1548 848 1590 885; x_wconf 79' lang='lat' dir='ltr'><strong>iis</strong></span> <span class='ocrx_word' id='word_1_104' title='bbox 1608 849 1695 887; x_wconf 81' lang='lat' dir='ltr'><strong>male</strong></span> 
     </span>
     <span class='ocr_line' id='line_1_13' title="bbox 438 899 1696 952; baseline 0.002 -15"><span class='ocrx_word' id='word_1_105' title='bbox 438 899 502 952; x_wconf 81' lang='lat' dir='ltr'><strong>effe</strong></span> <span class='ocrx_word' id='word_1_106' title='bbox 515 901 703 940; x_wconf 89' lang='lat' dir='ltr'><strong>continuo</strong></span> <span class='ocrx_word' id='word_1_107' title='bbox 713 900 940 940; x_wconf 84' lang='lat' dir='ltr'><strong>censendum</strong></span> <span class='ocrx_word' id='word_1_108' title='bbox 955 899 1006 940; x_wconf 87' lang='lat' dir='ltr'><strong>est</strong></span> <span class='ocrx_word' id='word_1_109' title='bbox 1019 930 1028 945; x_wconf 80' lang='lat'><strong>,</strong></span> <span class='ocrx_word' id='word_1_110' title='bbox 1047 900 1186 952; x_wconf 88' lang='lat' dir='ltr'><strong>quibus</strong></span> <span class='ocrx_word' id='word_1_111' title='bbox 1200 912 1293 951; x_wconf 88' lang='lat' dir='ltr'><strong>opes</strong></span> <span class='ocrx_word' id='word_1_112' title='bbox 1304 929 1317 945; x_wconf 91' lang='lat'><strong>,</strong></span> <span class='ocrx_word' id='word_1_113' title='bbox 1332 899 1528 939; x_wconf 83' lang='lat' dir='ltr'><strong>facultates</strong></span> <span class='ocrx_word' id='word_1_114' title='bbox 1539 928 1550 946; x_wconf 89' lang='lat'><strong>,</strong></span> <span class='ocrx_word' id='word_1_115' title='bbox 1573 899 1696 940; x_wconf 90' lang='lat' dir='ltr'><strong>fortu-</strong></span> 
     </span>
     <span class='ocr_line' id='line_1_14' title="bbox 437 952 1697 1008; baseline 0.002 -16"><span class='ocrx_word' id='word_1_116' title='bbox 437 966 589 1004; x_wconf 85' lang='lat' dir='ltr'><strong>naeque</strong></span> <span class='ocrx_word' id='word_1_117' title='bbox 603 967 715 1007; x_wconf 87' lang='lat' dir='ltr'><strong>quam</strong></span> <span class='ocrx_word' id='word_1_118' title='bbox 735 953 979 1007; x_wconf 71' lang='lat' dir='ltr'><strong>amplissimae</strong></span> <span class='ocrx_word' id='word_1_119' title='bbox 1001 967 1080 993; x_wconf 88' lang='lat' dir='ltr'><strong>non</strong></span> <span class='ocrx_word' id='word_1_120' title='bbox 1093 953 1313 1005; x_wconf 86' lang='lat' dir='ltr'><strong>obtigerint:</strong></span> <span class='ocrx_word' id='word_1_121' title='bbox 1336 966 1422 992; x_wconf 90' lang='lat' dir='ltr'><strong>cum</strong></span> <span class='ocrx_word' id='word_1_122' title='bbox 1437 963 1479 992; x_wconf 89' lang='lat' dir='ltr'><strong>ut</strong></span> <span class='ocrx_word' id='word_1_123' title='bbox 1492 952 1697 1008; x_wconf 63' lang='lat' dir='ltr'><strong>plurimum</strong></span> 
     </span>
     <span class='ocr_line' id='line_1_15' title="bbox 437 1005 1697 1061; baseline 0.002 -15"><span class='ocrx_word' id='word_1_124' title='bbox 437 1005 617 1054; x_wconf 85' lang='lat' dir='ltr'><strong>invidiae,</strong></span> <span class='ocrx_word' id='word_1_125' title='bbox 637 1008 819 1060; x_wconf 86' lang='lat' dir='ltr'><strong>malisque</strong></span> <span class='ocrx_word' id='word_1_126' title='bbox 839 1008 981 1047; x_wconf 83' lang='lat' dir='ltr'><strong>artibus</strong></span> <span class='ocrx_word' id='word_1_127' title='bbox 996 1007 1122 1046; x_wconf 87' lang='lat' dir='ltr'><strong>omnis</strong></span> <span class='ocrx_word' id='word_1_128' title='bbox 1136 1007 1296 1059; x_wconf 85' lang='lat' dir='ltr'><strong>generis,</strong></span> <span class='ocrx_word' id='word_1_129' title='bbox 1312 1007 1438 1046; x_wconf 90' lang='lat' dir='ltr'><strong>minus</strong></span> <span class='ocrx_word' id='word_1_130' title='bbox 1449 1017 1614 1058; x_wconf 87' lang='lat' dir='ltr'><strong>pateant,</strong></span> <span class='ocrx_word' id='word_1_131' title='bbox 1630 1010 1697 1061; x_wconf 84' lang='lat' dir='ltr'><strong>qui</strong></span> 
     </span>
     <span class='ocr_line' id='line_1_16' title="bbox 437 1060 1699 1113; baseline -0.001 -14"><span class='ocrx_word' id='word_1_132' title='bbox 437 1060 478 1099; x_wconf 85' lang='lat' dir='ltr'><strong>in</strong></span> <span class='ocrx_word' id='word_1_133' title='bbox 493 1062 618 1100; x_wconf 85' lang='lat' dir='ltr'><strong>medio</strong></span> <span class='ocrx_word' id='word_1_134' title='bbox 634 1061 761 1112; x_wconf 77' lang='lat' dir='ltr'><strong>positi,</strong></span> <span class='ocrx_word' id='word_1_135' title='bbox 775 1062 877 1107; x_wconf 72' lang='lat' dir='ltr'><strong>nihil,</strong></span> <span class='ocrx_word' id='word_1_136' title='bbox 889 1061 942 1100; x_wconf 94' lang='lat' dir='ltr'><strong>ob</strong></span> <span class='ocrx_word' id='word_1_137' title='bbox 956 1061 1061 1112; x_wconf 91' lang='lat' dir='ltr'><strong>quod</strong></span> <span class='ocrx_word' id='word_1_138' title='bbox 1074 1071 1262 1113; x_wconf 87' lang='lat' dir='ltr'><strong>petantur,</strong></span> <span class='ocrx_word' id='word_1_139' title='bbox 1277 1060 1616 1101; x_wconf 85' lang='lat' dir='ltr'><strong>habent.Tutiores</strong></span> <span class='ocrx_word' id='word_1_140' title='bbox 1631 1062 1699 1101; x_wconf 72' lang='lat' dir='ltr'><strong>ita.-</strong></span> 
     </span>
     <span class='ocr_line' id='line_1_17' title="bbox 439 1112 1699 1167; baseline 0.002 -14"><span class='ocrx_word' id='word_1_141' title='bbox 439 1127 539 1167; x_wconf 91' lang='lat' dir='ltr'><strong>que,</strong></span> <span class='ocrx_word' id='word_1_142' title='bbox 564 1128 662 1167; x_wconf 87' lang='lat' dir='ltr'><strong>quae</strong></span> <span class='ocrx_word' id='word_1_143' title='bbox 683 1115 866 1154; x_wconf 66' lang='lat' dir='ltr'><strong>felicitatis</strong></span> <span class='ocrx_word' id='word_1_144' title='bbox 888 1128 966 1154; x_wconf 89' lang='lat' dir='ltr'><strong>non</strong></span> <span class='ocrx_word' id='word_1_145' title='bbox 979 1114 1106 1153; x_wconf 71' lang='lat' dir='ltr'><strong>infima</strong></span> <span class='ocrx_word' id='word_1_146' title='bbox 1121 1114 1201 1153; x_wconf 90' lang='lat' dir='ltr'><strong>sors</strong></span> <span class='ocrx_word' id='word_1_147' title='bbox 1215 1112 1288 1161; x_wconf 70' lang='lat' dir='ltr'><strong>est,</strong></span> <span class='ocrx_word' id='word_1_148' title='bbox 1308 1126 1376 1152; x_wconf 86' lang='lat' dir='ltr'><strong>nec</strong></span> <span class='ocrx_word' id='word_1_149' title='bbox 1391 1127 1410 1151; x_wconf 87' lang='lat' dir='ltr'><strong>a</strong></span> <span class='ocrx_word' id='word_1_150' title='bbox 1424 1112 1602 1155; x_wconf 86' lang='lat' dir='ltr'><strong>fortunae</strong></span> <span class='ocrx_word' id='word_1_151' title='bbox 1615 1116 1699 1156; x_wconf 86' lang='lat' dir='ltr'><strong>telis</strong></span> 
     </span>
     <span class='ocr_line' id='line_1_18' title="bbox 439 1166 1699 1220; baseline 0.002 -15"><span class='ocrx_word' id='word_1_152' title='bbox 439 1179 604 1216; x_wconf 88' lang='lat' dir='ltr'><strong>tantum,</strong></span> <span class='ocrx_word' id='word_1_153' title='bbox 621 1167 681 1207; x_wconf 90' lang='lat' dir='ltr'><strong>sed</strong></span> <span class='ocrx_word' id='word_1_154' title='bbox 695 1168 735 1207; x_wconf 71' lang='grc' dir='ltr'><strong>δι</strong></span> <span class='ocrx_word' id='word_1_155' title='bbox 746 1181 767 1206; x_wconf 89' lang='lat' dir='ltr'><strong>a</strong></span> <span class='ocrx_word' id='word_1_156' title='bbox 782 1169 1028 1220; x_wconf 75' lang='lat' dir='ltr'><strong>voluptatum</strong></span> <span class='ocrx_word' id='word_1_157' title='bbox 1042 1166 1334 1219; x_wconf 81' lang='lat' dir='ltr'><strong>ambitionisque</strong></span> <span class='ocrx_word' id='word_1_158' title='bbox 1347 1167 1549 1216; x_wconf 79' lang='lat' dir='ltr'><strong>illecebris,</strong></span> <span class='ocrx_word' id='word_1_159' title='bbox 1572 1181 1594 1208; x_wconf 88' lang='lat' dir='ltr'><strong>a</strong></span> <span class='ocrx_word' id='word_1_160' title='bbox 1611 1170 1699 1220; x_wconf 86' lang='lat' dir='ltr'><strong>qui·</strong></span> 
     </span>
     <span class='ocr_line' id='line_1_19' title="bbox 440 1219 1700 1275; baseline 0.002 -15"><span class='ocrx_word' id='word_1_161' title='bbox 440 1221 512 1260; x_wconf 89' lang='lat' dir='ltr'><strong>bus</strong></span> <span class='ocrx_word' id='word_1_162' title='bbox 525 1220 632 1274; x_wconf 81' lang='lat' dir='ltr'><strong>saepe</strong></span> <span class='ocrx_word' id='word_1_163' title='bbox 649 1223 748 1275; x_wconf 90' lang='lat' dir='ltr'><strong>capti</strong></span> <span class='ocrx_word' id='word_1_164' title='bbox 761 1222 1025 1274; x_wconf 85' lang='lat' dir='ltr'><strong>opulentiores</strong></span> <span class='ocrx_word' id='word_1_165' title='bbox 1037 1252 1049 1267; x_wconf 95' lang='lat'><strong>,</strong></span> <span class='ocrx_word' id='word_1_166' title='bbox 1075 1222 1112 1260; x_wconf 93' lang='lat' dir='ltr'><strong>in</strong></span> <span class='ocrx_word' id='word_1_167' title='bbox 1128 1222 1295 1273; x_wconf 86' lang='lat' dir='ltr'><strong>tragicos</strong></span> <span class='ocrx_word' id='word_1_168' title='bbox 1309 1219 1386 1260; x_wconf 89' lang='lat' dir='ltr'><strong>fere</strong></span> <span class='ocrx_word' id='word_1_169' title='bbox 1398 1250 1408 1266; x_wconf 86' lang='lat'><strong>,</strong></span> <span class='ocrx_word' id='word_1_170' title='bbox 1420 1232 1523 1260; x_wconf 87' lang='lat' dir='ltr'><strong>certe</strong></span> <span class='ocrx_word' id='word_1_171' title='bbox 1536 1220 1700 1262; x_wconf 81' lang='lat' dir='ltr'><strong>foedissi-</strong></span> 
     </span>
     <span class='ocr_line' id='line_1_20' title="bbox 439 1274 1702 1329; baseline 0.002 -15"><span class='ocrx_word' id='word_1_172' title='bbox 439 1288 526 1314; x_wconf 84' lang='lat' dir='ltr'><strong>mos</strong></span> <span class='ocrx_word' id='word_1_173' title='bbox 536 1277 674 1322; x_wconf 86' lang='lat' dir='ltr'><strong>exitus,</strong></span> <span class='ocrx_word' id='word_1_174' title='bbox 690 1277 915 1329; x_wconf 88' lang='lat' dir='ltr'><strong>praecipites</strong></span> <span class='ocrx_word' id='word_1_175' title='bbox 927 1286 1043 1314; x_wconf 88' lang='lat' dir='ltr'><strong>ruunt</strong></span> <span class='ocrx_word' id='word_1_176' title='bbox 1058 1305 1066 1314; x_wconf 95' lang='lat'><em>.</em></span> <span class='ocrx_word' id='word_1_177' title='bbox 1078 1304 1086 1312; x_wconf 91' lang='lat'><strong>.</strong></span> <span class='ocrx_word' id='word_1_178' title='bbox 1100 1304 1110 1314; x_wconf 92' lang='lat'>.</span> <span class='ocrx_word' id='word_1_179' title='bbox 1122 1306 1130 1314; x_wconf 90' lang='lat'>.</span> <span class='ocrx_word' id='word_1_180' title='bbox 1148 1274 1220 1314; x_wconf 88' lang='lat' dir='ltr'><strong>Sed</strong></span> <span class='ocrx_word' id='word_1_181' title='bbox 1230 1275 1319 1328; x_wconf 87' lang='lat' dir='ltr'><strong>quid</strong></span> <span class='ocrx_word' id='word_1_182' title='bbox 1331 1287 1406 1327; x_wconf 90' lang='lat' dir='ltr'><strong>ego</strong></span> <span class='ocrx_word' id='word_1_183' title='bbox 1421 1274 1514 1314; x_wconf 88' lang='lat' dir='ltr'><strong>haec</strong></span> <span class='ocrx_word' id='word_1_184' title='bbox 1527 1288 1630 1315; x_wconf 90' lang='lat' dir='ltr'><strong>nunc</strong></span> <span class='ocrx_word' id='word_1_185' title='bbox 1639 1289 1702 1316; x_wconf 80' lang='lat' dir='ltr'><strong>ex-</strong></span> 
     </span>
     <span class='ocr_line' id='line_1_21' title="bbox 438 1327 1699 1382; baseline 0.002 -15"><span class='ocrx_word' id='word_1_186' title='bbox 438 1327 594 1381; x_wconf 86' lang='lat' dir='ltr'><strong>sequor,</strong></span> <span class='ocrx_word' id='word_1_187' title='bbox 605 1329 776 1370; x_wconf 89' lang='lat' dir='ltr'><strong>Luciano</strong></span> <span class='ocrx_word' id='word_1_188' title='bbox 790 1328 856 1382; x_wconf 74' lang='lat' dir='ltr'><strong>ipsi</strong></span> <span class='ocrx_word' id='word_1_189' title='bbox 872 1331 986 1368; x_wconf 89' lang='lat' dir='ltr'><strong>toties</strong></span> <span class='ocrx_word' id='word_1_190' title='bbox 998 1332 1037 1368; x_wconf 68' lang='grc' dir='ltr'><strong>δι</strong></span> <span class='ocrx_word' id='word_1_191' title='bbox 1049 1328 1250 1368; x_wconf 85' lang='lat' dir='ltr'><strong>observata</strong></span> <span class='ocrx_word' id='word_1_192' title='bbox 1261 1327 1360 1367; x_wconf 64' lang='lat' dir='ltr'><strong>reete</strong></span> <span class='ocrx_word' id='word_1_193' title='bbox 1371 1328 1411 1367; x_wconf 76' lang='grc' dir='ltr'><strong>δι</strong></span> <span class='ocrx_word' id='word_1_194' title='bbox 1421 1328 1699 1370; x_wconf 79' lang='lat' dir='ltr'><strong>demonstrata?</strong></span> 
     </span>
     <span class='ocr_line' id='line_1_22' title="bbox 439 1381 1701 1434; baseline 0.002 -13"><span class='ocrx_word' id='word_1_195' title='bbox 439 1381 555 1434; x_wconf 84' lang='lat' dir='ltr'><strong>Quia</strong></span> <span class='ocrx_word' id='word_1_196' title='bbox 567 1393 692 1422; x_wconf 83' lang='lat' dir='ltr'><strong>tamen</strong></span> <span class='ocrx_word' id='word_1_197' title='bbox 707 1382 815 1422; x_wconf 85' lang='lat' dir='ltr'><strong>aliter</strong></span> <span class='ocrx_word' id='word_1_198' title='bbox 829 1382 888 1421; x_wconf 84' lang='lat' dir='ltr'><strong>hic</strong></span> <span class='ocrx_word' id='word_1_199' title='bbox 901 1381 1123 1434; x_wconf 88' lang='lat' dir='ltr'><strong>quibusdam</strong></span> <span class='ocrx_word' id='word_1_200' title='bbox 1145 1381 1279 1421; x_wconf 88' lang='lat' dir='ltr'><strong>sentire</strong></span> <span class='ocrx_word' id='word_1_201' title='bbox 1295 1381 1424 1421; x_wconf 89' lang='lat' dir='ltr'><strong>forsan</strong></span> <span class='ocrx_word' id='word_1_202' title='bbox 1437 1382 1642 1432; x_wconf 88' lang='lat' dir='ltr'><strong>videbitur,</strong></span> <span class='ocrx_word' id='word_1_203' title='bbox 1656 1384 1701 1424; x_wconf 73' lang='grc' dir='ltr'><strong>δε</strong></span> 
     </span>
     <span class='ocr_line' id='line_1_23' title="bbox 440 1436 1702 1488; baseline 0.002 -14"><span class='ocrx_word' id='word_1_204' title='bbox 440 1449 612 1487; x_wconf 87' lang='lat' dir='ltr'><strong>quorum</strong></span> <span class='ocrx_word' id='word_1_205' title='bbox 627 1437 715 1475; x_wconf 81' lang='lat' dir='ltr'><strong>alibi</strong></span> <span class='ocrx_word' id='word_1_206' title='bbox 731 1438 937 1475; x_wconf 84' lang='lat' dir='ltr'><strong>vanitatem</strong></span> <span class='ocrx_word' id='word_1_207' title='bbox 953 1447 1152 1488; x_wconf 79' lang='lat' dir='ltr'><strong>arguerat,</strong></span> <span class='ocrx_word' id='word_1_208' title='bbox 1173 1448 1218 1475; x_wconf 89' lang='lat' dir='ltr'><strong>ea</strong></span> <span class='ocrx_word' id='word_1_209' title='bbox 1241 1448 1343 1475; x_wconf 88' lang='lat' dir='ltr'><strong>nunc</strong></span> <span class='ocrx_word' id='word_1_210' title='bbox 1357 1438 1445 1475; x_wconf 85' lang='lat' dir='ltr'><strong>bona</strong></span> <span class='ocrx_word' id='word_1_211' title='bbox 1458 1436 1622 1485; x_wconf 80' lang='lat' dir='ltr'><strong>ducere3</strong></span> <span class='ocrx_word' id='word_1_212' title='bbox 1640 1450 1702 1477; x_wconf 88' lang='lat' dir='ltr'><strong>ra-</strong></span> 
     </span>
     <span class='ocr_line' id='line_1_24' title="bbox 440 1489 1703 1542; baseline 0.002 -14"><span class='ocrx_word' id='word_1_213' title='bbox 440 1491 586 1529; x_wconf 87' lang='lat' dir='ltr'><strong>tionem</strong></span> <span class='ocrx_word' id='word_1_214' title='bbox 614 1490 878 1542; x_wconf 90' lang='lat' dir='ltr'><strong>providentiae</strong></span> <span class='ocrx_word' id='word_1_215' title='bbox 888 1519 901 1538; x_wconf 88' lang='lat'><strong>,</strong></span> <span class='ocrx_word' id='word_1_216' title='bbox 926 1491 1035 1529; x_wconf 88' lang='lat' dir='ltr'><strong>bonis</strong></span> <span class='ocrx_word' id='word_1_217' title='bbox 1065 1491 1158 1529; x_wconf 87' lang='lat' dir='ltr'><strong>haec</strong></span> <span class='ocrx_word' id='word_1_218' title='bbox 1181 1489 1390 1542; x_wconf 89' lang='lat' dir='ltr'><strong>aliquando</strong></span> <span class='ocrx_word' id='word_1_219' title='bbox 1415 1502 1496 1529; x_wconf 90' lang='lat' dir='ltr'><strong>non</strong></span> <span class='ocrx_word' id='word_1_220' title='bbox 1527 1491 1703 1530; x_wconf 83' lang='lat' dir='ltr'><strong>tribuen-</strong></span> 
     </span>
     <span class='ocr_line' id='line_1_25' title="bbox 439 1543 1700 1596; baseline 0.002 -14"><span class='ocrx_word' id='word_1_221' title='bbox 439 1544 487 1582; x_wconf 88' lang='lat' dir='ltr'><strong>tis</strong></span> <span class='ocrx_word' id='word_1_222' title='bbox 498 1574 509 1592; x_wconf 93' lang='lat'><strong>,</strong></span> <span class='ocrx_word' id='word_1_223' title='bbox 523 1544 621 1583; x_wconf 83' lang='lat' dir='ltr'><strong>ultra</strong></span> <span class='ocrx_word' id='word_1_224' title='bbox 641 1557 756 1596; x_wconf 85' lang='lat' dir='ltr'><strong>quam</strong></span> <span class='ocrx_word' id='word_1_225' title='bbox 774 1543 853 1596; x_wconf 89' lang='lat' dir='ltr'><strong>ipse</strong></span> <span class='ocrx_word' id='word_1_226' title='bbox 868 1543 982 1590; x_wconf 87' lang='lat' dir='ltr'><strong>vidit,</strong></span> <span class='ocrx_word' id='word_1_227' title='bbox 998 1545 1276 1596; x_wconf 86' lang='lat' dir='ltr'><strong>pervideamus.</strong></span> <span class='ocrx_word' id='word_1_228' title='bbox 1303 1544 1358 1584; x_wconf 91' lang='lat' dir='ltr'><strong>Ut</strong></span> <span class='ocrx_word' id='word_1_229' title='bbox 1371 1556 1463 1596; x_wconf 86' lang='lat' dir='ltr'><strong>ergo</strong></span> <span class='ocrx_word' id='word_1_230' title='bbox 1480 1545 1605 1596; x_wconf 90' lang='lat' dir='ltr'><strong>pueris</strong></span> <span class='ocrx_word' id='word_1_231' title='bbox 1621 1557 1700 1584; x_wconf 89' lang='lat' dir='ltr'><strong>non</strong></span> 
     </span>
     <span class='ocr_line' id='line_1_26' title="bbox 439 1597 1701 1650; baseline 0.002 -14"><span class='ocrx_word' id='word_1_232' title='bbox 439 1609 597 1637; x_wconf 88' lang='lat' dir='ltr'><strong>omnem</strong></span> <span class='ocrx_word' id='word_1_233' title='bbox 612 1597 761 1638; x_wconf 87' lang='lat' dir='ltr'><strong>ludendi</strong></span> <span class='ocrx_word' id='word_1_234' title='bbox 778 1598 929 1637; x_wconf 88' lang='lat' dir='ltr'><strong>veniam</strong></span> <span class='ocrx_word' id='word_1_235' title='bbox 944 1628 955 1645; x_wconf 91' lang='lat'><strong>‚</strong></span> <span class='ocrx_word' id='word_1_236' title='bbox 975 1599 1041 1649; x_wconf 93' lang='lat' dir='ltr'><strong>qui</strong></span> <span class='ocrx_word' id='word_1_237' title='bbox 1059 1597 1204 1649; x_wconf 88' lang='lat' dir='ltr'><strong>sapiunt</strong></span> <span class='ocrx_word' id='word_1_238' title='bbox 1218 1597 1428 1650; x_wconf 85' lang='lat' dir='ltr'><strong>faventque</strong></span> <span class='ocrx_word' id='word_1_239' title='bbox 1445 1597 1547 1637; x_wconf 89' lang='lat' dir='ltr'><strong>haud</strong></span> <span class='ocrx_word' id='word_1_240' title='bbox 1566 1598 1675 1638; x_wconf 87' lang='lat' dir='ltr'><strong>stulte</strong></span> <span class='ocrx_word' id='word_1_241' title='bbox 1687 1628 1701 1645; x_wconf 93' lang='lat'>‚</span> 
     </span>
     <span class='ocr_line' id='line_1_27' title="bbox 443 1650 1702 1704; baseline 0.002 -14"><span class='ocrx_word' id='word_1_242' title='bbox 443 1663 620 1704; x_wconf 77' lang='lat' dir='ltr'><strong>parentes</strong></span> <span class='ocrx_word' id='word_1_243' title='bbox 636 1651 875 1699; x_wconf 80' lang='lat' dir='ltr'><strong>concedunt3</strong></span> <span class='ocrx_word' id='word_1_244' title='bbox 897 1650 958 1690; x_wconf 92' lang='lat' dir='ltr'><strong>sed</strong></span> <span class='ocrx_word' id='word_1_245' title='bbox 984 1664 1067 1690; x_wconf 82' lang='lat' dir='ltr'><strong>eam</strong></span> <span class='ocrx_word' id='word_1_246' title='bbox 1093 1652 1238 1700; x_wconf 80' lang='lat' dir='ltr'><strong>solum,</strong></span> <span class='ocrx_word' id='word_1_247' title='bbox 1258 1664 1358 1703; x_wconf 90' lang='lat' dir='ltr'><strong>quae</strong></span> <span class='ocrx_word' id='word_1_248' title='bbox 1376 1665 1463 1691; x_wconf 89' lang='lat' dir='ltr'><strong>cum</strong></span> <span class='ocrx_word' id='word_1_249' title='bbox 1487 1651 1702 1700; x_wconf 86' lang='lat' dir='ltr'><strong>honestate,</strong></span> 
     </span>
    </p>
   </div>
   <div class='ocr_carea' id='block_1_3' title="bbox 440 1701 1764 1758">
    <p class='ocr_par' dir='ltr' id='par_1_3' title="bbox 440 1701 1764 1758">
     <span class='ocr_line' id='line_1_28' title="bbox 440 1701 1764 1758; baseline 0.002 -14"><span class='ocrx_word' id='word_1_250' title='bbox 440 1704 694 1757; x_wconf 84' lang='lat' dir='ltr'><strong>corporisque</strong></span> <span class='ocrx_word' id='word_1_251' title='bbox 715 1705 753 1745; x_wconf 77' lang='grc' dir='ltr'><strong>δι</strong></span> <span class='ocrx_word' id='word_1_252' title='bbox 768 1705 884 1745; x_wconf 85' lang='lat' dir='ltr'><strong>animi</strong></span> <span class='ocrx_word' id='word_1_253' title='bbox 902 1704 1047 1744; x_wconf 89' lang='lat' dir='ltr'><strong>liberali</strong></span> <span class='ocrx_word' id='word_1_254' title='bbox 1063 1704 1241 1758; x_wconf 74' lang='lat' dir='ltr'><strong>profe6tu</strong></span> <span class='ocrx_word' id='word_1_255' title='bbox 1258 1705 1463 1745; x_wconf 60' lang='lat' dir='ltr'><strong>coniuncta</strong></span> <span class='ocrx_word' id='word_1_256' title='bbox 1477 1705 1555 1745; x_wconf 88' lang='lat' dir='ltr'><strong>est:</strong></span> <span class='ocrx_word' id='word_1_257' title='bbox 1582 1706 1635 1746; x_wconf 91' lang='lat' dir='ltr'><strong>ita</strong></span> <span class='ocrx_word' id='word_1_258' title='bbox 1660 1707 1703 1747; x_wconf 79' lang='grc' dir='ltr'><strong>δι</strong></span> <span class='ocrx_word' id='word_1_259' title='bbox 1763 1701 1764 1707; x_wconf 63' lang='grc'>’</span> 
     </span>
    </p>
   </div>
   <div class='ocr_carea' id='block_1_4' title="bbox 425 1750 1764 2566">
    <p class='ocr_par' dir='ltr' id='par_1_4' title="bbox 425 1750 1764 2566">
     <span class='ocr_line' id='line_1_29' title="bbox 444 1750 1764 1812; baseline 0.001 -14"><span class='ocrx_word' id='word_1_260' title='bbox 444 1759 575 1804; x_wconf 81' lang='lat' dir='ltr'><strong>bonis,</strong></span> <span class='ocrx_word' id='word_1_261' title='bbox 588 1772 687 1811; x_wconf 87' lang='lat' dir='ltr'><strong>quos</strong></span> <span class='ocrx_word' id='word_1_262' title='bbox 703 1771 795 1799; x_wconf 87' lang='lat' dir='ltr'><strong>vere</strong></span> <span class='ocrx_word' id='word_1_263' title='bbox 807 1771 948 1811; x_wconf 88' lang='lat' dir='ltr'><strong>pueros</strong></span> <span class='ocrx_word' id='word_1_264' title='bbox 962 1759 1096 1798; x_wconf 88' lang='lat' dir='ltr'><strong>educat</strong></span> <span class='ocrx_word' id='word_1_265' title='bbox 1111 1759 1321 1811; x_wconf 85' lang='lat' dir='ltr'><strong>eruditque,</strong></span> <span class='ocrx_word' id='word_1_266' title='bbox 1339 1758 1470 1798; x_wconf 91' lang='lat' dir='ltr'><strong>Deum</strong></span> <span class='ocrx_word' id='word_1_267' title='bbox 1486 1758 1580 1812; x_wconf 88' lang='lat' dir='ltr'><strong>Opt.</strong></span> <span class='ocrx_word' id='word_1_268' title='bbox 1595 1760 1700 1799; x_wconf 86' lang='lat' dir='ltr'><strong>Max.</strong></span> <span class='ocrx_word' id='word_1_269' title='bbox 1763 1750 1764 1773; x_wconf 63' lang='lat'><em>³</em></span> 
     </span>
     <span class='ocr_line' id='line_1_30' title="bbox 443 1811 1701 1866; baseline 0 -14"><span class='ocrx_word' id='word_1_270' title='bbox 443 1825 533 1852; x_wconf 89' lang='lat' dir='ltr'><strong>cum</strong></span> <span class='ocrx_word' id='word_1_271' title='bbox 550 1812 727 1862; x_wconf 88' lang='lat' dir='ltr'><strong>consulit,</strong></span> <span class='ocrx_word' id='word_1_272' title='bbox 742 1826 820 1853; x_wconf 91' lang='lat' dir='ltr'><strong>non</strong></span> <span class='ocrx_word' id='word_1_273' title='bbox 834 1811 1038 1863; x_wconf 76' lang='lat' dir='ltr'><strong>gratissima</strong></span> <span class='ocrx_word' id='word_1_274' title='bbox 1051 1811 1210 1865; x_wconf 88' lang='lat' dir='ltr'><strong>semper,</strong></span> <span class='ocrx_word' id='word_1_275' title='bbox 1224 1811 1285 1852; x_wconf 93' lang='lat' dir='ltr'><strong>sed</strong></span> <span class='ocrx_word' id='word_1_276' title='bbox 1305 1812 1500 1866; x_wconf 86' lang='lat' dir='ltr'><strong>optima&amp;</strong></span> <span class='ocrx_word' id='word_1_277' title='bbox 1516 1814 1562 1852; x_wconf 92' lang='lat' dir='ltr'><strong>ad</strong></span> <span class='ocrx_word' id='word_1_278' title='bbox 1577 1815 1701 1853; x_wconf 86' lang='lat' dir='ltr'><strong>virtu—</strong></span> 
     </span>
     <span class='ocr_line' id='line_1_31' title="bbox 442 1866 1702 1920; baseline 0 -15"><span class='ocrx_word' id='word_1_279' title='bbox 442 1879 520 1906; x_wconf 87' lang='lat' dir='ltr'><strong>tem</strong></span> <span class='ocrx_word' id='word_1_280' title='bbox 534 1866 932 1914; x_wconf 82' lang='lat' dir='ltr'><strong>accommodatiffima‚</strong></span> <span class='ocrx_word' id='word_1_281' title='bbox 953 1867 1041 1906; x_wconf 89' lang='lat' dir='ltr'><strong>dare</strong></span> <span class='ocrx_word' id='word_1_282' title='bbox 1054 1866 1171 1906; x_wconf 86' lang='lat' dir='ltr'><strong>decet.</strong></span> <span class='ocrx_word' id='word_1_283' title='bbox 1200 1867 1313 1906; x_wconf 87' lang='lat' dir='ltr'><strong>Unde</strong></span> <span class='ocrx_word' id='word_1_284' title='bbox 1329 1868 1402 1906; x_wconf 90' lang='lat' dir='ltr'><strong>iarn</strong></span> <span class='ocrx_word' id='word_1_285' title='bbox 1417 1866 1500 1906; x_wconf 78' lang='lat' dir='ltr'><strong>latis</strong></span> <span class='ocrx_word' id='word_1_286' title='bbox 1517 1866 1657 1920; x_wconf 88' lang='lat' dir='ltr'><strong>liquet,</strong></span> <span class='ocrx_word' id='word_1_287' title='bbox 1672 1868 1702 1906; x_wconf 78' lang='lat' dir='ltr'><strong>ei</strong></span> 
     </span>
     <span class='ocr_line' id='line_1_32' title="bbox 444 1919 1702 1974; baseline 0.002 -16"><span class='ocrx_word' id='word_1_288' title='bbox 444 1936 512 1960; x_wconf 82' lang='lat' dir='ltr'><strong>non</strong></span> <span class='ocrx_word' id='word_1_289' title='bbox 527 1921 646 1960; x_wconf 87' lang='lat' dir='ltr'><strong>statim</strong></span> <span class='ocrx_word' id='word_1_290' title='bbox 663 1922 748 1960; x_wconf 78' lang='lat' dir='ltr'><strong>male</strong></span> <span class='ocrx_word' id='word_1_291' title='bbox 759 1921 842 1973; x_wconf 63' lang='lat' dir='ltr'><strong>effe,</strong></span> <span class='ocrx_word' id='word_1_292' title='bbox 867 1922 927 1960; x_wconf 91' lang='lat' dir='ltr'><strong>cui</strong></span> <span class='ocrx_word' id='word_1_293' title='bbox 939 1921 983 1960; x_wconf 89' lang='lat' dir='ltr'><strong>ad</strong></span> <span class='ocrx_word' id='word_1_294' title='bbox 995 1920 1215 1974; x_wconf 86' lang='lat' dir='ltr'><strong>voluptates</strong></span> <span class='ocrx_word' id='word_1_295' title='bbox 1229 1919 1370 1960; x_wconf 90' lang='lat' dir='ltr'><strong>aliasve</strong></span> <span class='ocrx_word' id='word_1_296' title='bbox 1381 1920 1604 1973; x_wconf 88' lang='lat' dir='ltr'><strong>cupiditates</strong></span> <span class='ocrx_word' id='word_1_297' title='bbox 1622 1933 1702 1960; x_wconf 89' lang='lat' dir='ltr'><strong>non</strong></span> 
     </span>
     <span class='ocr_line' id='line_1_33' title="bbox 441 1973 1702 2028; baseline 0 -14"><span class='ocrx_word' id='word_1_298' title='bbox 441 1974 646 2026; x_wconf 85' lang='lat' dir='ltr'><strong>suppetunt</strong></span> <span class='ocrx_word' id='word_1_299' title='bbox 659 1974 902 2027; x_wconf 76' lang='lat' dir='ltr'><strong>amplissimae</strong></span> <span class='ocrx_word' id='word_1_300' title='bbox 915 1975 1050 2028; x_wconf 93' lang='lat' dir='ltr'><strong>copiae</strong></span> <span class='ocrx_word' id='word_1_301' title='bbox 1066 1987 1110 2014; x_wconf 85' lang='lat' dir='ltr'><strong>ac</strong></span> <span class='ocrx_word' id='word_1_302' title='bbox 1124 1974 1332 2014; x_wconf 87' lang='lat' dir='ltr'><strong>facultates.</strong></span> <span class='ocrx_word' id='word_1_303' title='bbox 1347 1974 1414 2021; x_wconf 82' lang='lat' dir='ltr'><strong>At,</strong></span> <span class='ocrx_word' id='word_1_304' title='bbox 1430 1975 1606 2027; x_wconf 91' lang='lat' dir='ltr'><strong>inquiunt</strong></span> <span class='ocrx_word' id='word_1_305' title='bbox 1620 1973 1702 2014; x_wconf 93' lang='lat' dir='ltr'><strong>Da-</strong></span> 
     </span>
     <span class='ocr_line' id='line_1_34' title="bbox 425 2027 1702 2074; baseline 0.001 -7"><span class='ocrx_word' id='word_1_306' title='bbox 425 2027 427 2030; x_wconf 77' lang='grc'>’</span> <span class='ocrx_word' id='word_1_307' title='bbox 442 2028 550 2067; x_wconf 82' lang='lat' dir='ltr'><strong>midis</strong></span> <span class='ocrx_word' id='word_1_308' title='bbox 562 2027 711 2074; x_wconf 81' lang='lat' dir='ltr'><strong>similes,</strong></span> <span class='ocrx_word' id='word_1_309' title='bbox 732 2042 810 2068; x_wconf 86' lang='lat' dir='ltr'><strong>non</strong></span> <span class='ocrx_word' id='word_1_310' title='bbox 830 2028 962 2067; x_wconf 79' lang='lat' dir='ltr'><strong>desunt</strong></span> <span class='ocrx_word' id='word_1_311' title='bbox 976 2039 1126 2068; x_wconf 89' lang='lat' dir='ltr'><strong>tantum</strong></span> <span class='ocrx_word' id='word_1_312' title='bbox 1141 2029 1251 2068; x_wconf 88' lang='lat' dir='ltr'><strong>bonis</strong></span> <span class='ocrx_word' id='word_1_313' title='bbox 1265 2028 1382 2074; x_wconf 90' lang='lat' dir='ltr'><strong>bona,</strong></span> <span class='ocrx_word' id='word_1_314' title='bbox 1395 2027 1455 2067; x_wconf 89' lang='lat' dir='ltr'><strong>sed</strong></span> <span class='ocrx_word' id='word_1_315' title='bbox 1470 2027 1605 2068; x_wconf 86' lang='lat' dir='ltr'><strong>adsunt</strong></span> <span class='ocrx_word' id='word_1_316' title='bbox 1624 2041 1702 2068; x_wconf 85' lang='lat' dir='ltr'><strong>ma-</strong></span> 
     </span>
     <span class='ocr_line' id='line_1_35' title="bbox 442 2080 1703 2135; baseline 0.001 -15"><span class='ocrx_word' id='word_1_317' title='bbox 442 2081 479 2120; x_wconf 89' lang='lat' dir='ltr'><strong>la</strong></span> <span class='ocrx_word' id='word_1_318' title='bbox 494 2113 504 2129; x_wconf 89' lang='lat'><strong>,</strong></span> <span class='ocrx_word' id='word_1_319' title='bbox 517 2083 659 2134; x_wconf 89' lang='lat' dir='ltr'><strong>inopia,</strong></span> <span class='ocrx_word' id='word_1_320' title='bbox 672 2094 902 2129; x_wconf 89' lang='lat' dir='ltr'><strong>contemtus,</strong></span> <span class='ocrx_word' id='word_1_321' title='bbox 913 2082 1084 2128; x_wconf 88' lang='lat' dir='ltr'><strong>iniuriae,</strong></span> <span class='ocrx_word' id='word_1_322' title='bbox 1098 2095 1202 2122; x_wconf 89' lang='lat' dir='ltr'><strong>mors</strong></span> <span class='ocrx_word' id='word_1_323' title='bbox 1214 2080 1289 2135; x_wconf 89' lang='lat' dir='ltr'><strong>ipsa</strong></span> <span class='ocrx_word' id='word_1_324' title='bbox 1306 2082 1552 2134; x_wconf 88' lang='lat' dir='ltr'><strong>quandoque,</strong></span> <span class='ocrx_word' id='word_1_325' title='bbox 1565 2083 1608 2123; x_wconf 78' lang='grc' dir='ltr'><strong>δι</strong></span> <span class='ocrx_word' id='word_1_326' title='bbox 1618 2095 1703 2123; x_wconf 85' lang='lat' dir='ltr'><strong>cru-</strong></span> 
     </span>
     <span class='ocr_line' id='line_1_36' title="bbox 443 2135 1704 2188; baseline 0 -12"><span class='ocrx_word' id='word_1_327' title='bbox 443 2137 576 2176; x_wconf 89' lang='lat' dir='ltr'><strong>ciatus.</strong></span> <span class='ocrx_word' id='word_1_328' title='bbox 604 2135 752 2175; x_wconf 90' lang='lat' dir='ltr'><strong>Adsunt</strong></span> <span class='ocrx_word' id='word_1_329' title='bbox 768 2136 996 2188; x_wconf 87' lang='lat' dir='ltr'><strong>aliquando,</strong></span> <span class='ocrx_word' id='word_1_330' title='bbox 1020 2135 1160 2182; x_wconf 88' lang='lat' dir='ltr'><strong>fateor,</strong></span> <span class='ocrx_word' id='word_1_331' title='bbox 1182 2148 1281 2188; x_wconf 91' lang='lat' dir='ltr'><strong>quae</strong></span> <span class='ocrx_word' id='word_1_332' title='bbox 1295 2148 1446 2175; x_wconf 86' lang='lat' dir='ltr'><strong>narras:</strong></span> <span class='ocrx_word' id='word_1_333' title='bbox 1470 2136 1529 2175; x_wconf 91' lang='lat' dir='ltr'><strong>sed</strong></span> <span class='ocrx_word' id='word_1_334' title='bbox 1543 2148 1591 2174; x_wconf 89' lang='lat' dir='ltr'><strong>an</strong></span> <span class='ocrx_word' id='word_1_335' title='bbox 1605 2137 1704 2176; x_wconf 88' lang='lat' dir='ltr'><strong>mala</strong></span> 
     </span>
     <span class='ocr_line' id='line_1_37' title="bbox 443 2188 1705 2242; baseline 0.002 -14"><span class='ocrx_word' id='word_1_336' title='bbox 443 2188 532 2236; x_wconf 78' lang='lat' dir='ltr'><strong>sint,</strong></span> <span class='ocrx_word' id='word_1_337' title='bbox 544 2190 644 2235; x_wconf 87' lang='lat' dir='ltr'><strong>vide,</strong></span> <span class='ocrx_word' id='word_1_338' title='bbox 658 2203 756 2241; x_wconf 89' lang='lat' dir='ltr'><strong>quae</strong></span> <span class='ocrx_word' id='word_1_339' title='bbox 770 2189 917 2230; x_wconf 87' lang='lat' dir='ltr'><strong>fortiter</strong></span> <span class='ocrx_word' id='word_1_340' title='bbox 929 2188 1086 2229; x_wconf 91' lang='lat' dir='ltr'><strong>ferendo</strong></span> <span class='ocrx_word' id='word_1_341' title='bbox 1096 2191 1164 2229; x_wconf 89' lang='lat' dir='ltr'><strong>vix</strong></span> <span class='ocrx_word' id='word_1_342' title='bbox 1176 2189 1264 2242; x_wconf 79' lang='lat' dir='ltr'><strong>ipsis</strong></span> <span class='ocrx_word' id='word_1_343' title='bbox 1275 2190 1350 2229; x_wconf 88' lang='lat' dir='ltr'><strong>tuis</strong></span> <span class='ocrx_word' id='word_1_344' title='bbox 1364 2189 1593 2242; x_wconf 89' lang='lat' dir='ltr'><strong>sapientibus</strong></span> <span class='ocrx_word' id='word_1_345' title='bbox 1607 2190 1705 2230; x_wconf 86' lang='lat' dir='ltr'><strong>mala</strong></span> 
     </span>
     <span class='ocr_line' id='line_1_38' title="bbox 444 2243 1704 2296; baseline 0.002 -14"><span class='ocrx_word' id='word_1_346' title='bbox 444 2243 529 2283; x_wconf 88' lang='lat' dir='ltr'><strong>visa</strong></span> <span class='ocrx_word' id='word_1_347' title='bbox 542 2243 625 2283; x_wconf 90' lang='lat' dir='ltr'><strong>sunt</strong></span> <span class='ocrx_word' id='word_1_348' title='bbox 637 2273 650 2289; x_wconf 88' lang='lat'>‚</span> <span class='ocrx_word' id='word_1_349' title='bbox 667 2246 804 2282; x_wconf 86' lang='lat' dir='ltr'><strong>nedum</strong></span> <span class='ocrx_word' id='word_1_350' title='bbox 823 2244 931 2283; x_wconf 87' lang='lat' dir='ltr'><strong>nobis</strong></span> <span class='ocrx_word' id='word_1_351' title='bbox 948 2243 1167 2283; x_wconf 79' lang='lat' dir='ltr'><strong>Christianis</strong></span> <span class='ocrx_word' id='word_1_352' title='bbox 1179 2274 1191 2290; x_wconf 91' lang='lat'>‚</span> <span class='ocrx_word' id='word_1_353' title='bbox 1214 2245 1354 2296; x_wconf 88' lang='lat' dir='ltr'><strong>quibus</strong></span> <span class='ocrx_word' id='word_1_354' title='bbox 1374 2243 1511 2284; x_wconf 87' lang='lat' dir='ltr'><strong>horum</strong></span> <span class='ocrx_word' id='word_1_355' title='bbox 1527 2244 1704 2284; x_wconf 88' lang='lat' dir='ltr'><strong>omnium</strong></span> 
     </span>
     <span class='ocr_line' id='line_1_39' title="bbox 446 2296 1706 2351; baseline 0.002 -15"><span class='ocrx_word' id='word_1_356' title='bbox 446 2297 549 2337; x_wconf 89' lang='lat' dir='ltr'><strong>ratio</strong></span> <span class='ocrx_word' id='word_1_357' title='bbox 564 2309 614 2336; x_wconf 80' lang='lat' dir='ltr'><strong>ex</strong></span> <span class='ocrx_word' id='word_1_358' title='bbox 626 2298 862 2337; x_wconf 86' lang='lat' dir='ltr'><strong>revelatione</strong></span> <span class='ocrx_word' id='word_1_359' title='bbox 877 2299 1039 2350; x_wconf 88' lang='lat' dir='ltr'><strong>penitius</strong></span> <span class='ocrx_word' id='word_1_360' title='bbox 1052 2297 1243 2351; x_wconf 62' lang='lat' dir='ltr'><strong>perspefiia</strong></span> <span class='ocrx_word' id='word_1_361' title='bbox 1256 2297 1320 2337; x_wconf 84' lang='lat' dir='ltr'><strong>est.</strong></span> <span class='ocrx_word' id='word_1_362' title='bbox 1345 2296 1457 2338; x_wconf 88' lang='lat' dir='ltr'><strong>Hisce</strong></span> <span class='ocrx_word' id='word_1_363' title='bbox 1469 2298 1569 2337; x_wconf 91' lang='lat' dir='ltr'><strong>enim</strong></span> <span class='ocrx_word' id='word_1_364' title='bbox 1585 2297 1706 2338; x_wconf 76' lang='lat' dir='ltr'><strong>virtu-</strong></span> 
     </span>
     <span class='ocr_line' id='line_1_40' title="bbox 445 2350 1705 2404; baseline 0.001 -14"><span class='ocrx_word' id='word_1_365' title='bbox 445 2361 524 2398; x_wconf 82' lang='lat' dir='ltr'><strong>tem</strong></span> <span class='ocrx_word' id='word_1_366' title='bbox 543 2351 837 2404; x_wconf 88' lang='lat' dir='ltr'><strong>patientiamque</strong></span> <span class='ocrx_word' id='word_1_367' title='bbox 852 2351 1010 2391; x_wconf 89' lang='lat' dir='ltr'><strong>suorum</strong></span> <span class='ocrx_word' id='word_1_368' title='bbox 1024 2353 1233 2404; x_wconf 86' lang='lat' dir='ltr'><strong>ingenerat,</strong></span> <span class='ocrx_word' id='word_1_369' title='bbox 1243 2351 1384 2398; x_wconf 83' lang='lat' dir='ltr'><strong>firmat,</strong></span> <span class='ocrx_word' id='word_1_370' title='bbox 1400 2351 1441 2392; x_wconf 85' lang='lat'>&amp;</span> <span class='ocrx_word' id='word_1_371' title='bbox 1453 2352 1500 2390; x_wconf 92' lang='lat' dir='ltr'><strong>ad</strong></span> <span class='ocrx_word' id='word_1_372' title='bbox 1516 2350 1705 2391; x_wconf 89' lang='lat' dir='ltr'><strong>summum</strong></span> 
     </span>
     <span class='ocr_line' id='line_1_41' title="bbox 446 2404 1704 2458; baseline 0 -14"><span class='ocrx_word' id='word_1_373' title='bbox 446 2405 596 2444; x_wconf 90' lang='lat' dir='ltr'><strong>tandem</strong></span> <span class='ocrx_word' id='word_1_374' title='bbox 615 2406 784 2457; x_wconf 87' lang='lat' dir='ltr'><strong>perducit</strong></span> <span class='ocrx_word' id='word_1_375' title='bbox 800 2406 956 2458; x_wconf 87' lang='lat' dir='ltr'><strong>gradum</strong></span> <span class='ocrx_word' id='word_1_376' title='bbox 969 2419 982 2453; x_wconf 92' lang='lat'>;</span> <span class='ocrx_word' id='word_1_377' title='bbox 1007 2418 1049 2445; x_wconf 86' lang='lat' dir='ltr'><strong>ut</strong></span> <span class='ocrx_word' id='word_1_378' title='bbox 1063 2418 1150 2445; x_wconf 91' lang='lat' dir='ltr'><strong>cum</strong></span> <span class='ocrx_word' id='word_1_379' title='bbox 1173 2404 1335 2454; x_wconf 88' lang='lat' dir='ltr'><strong>fortiter,</strong></span> <span class='ocrx_word' id='word_1_380' title='bbox 1361 2405 1490 2444; x_wconf 61' lang='lat' dir='ltr'><strong>lufilati</strong></span> <span class='ocrx_word' id='word_1_381' title='bbox 1509 2417 1597 2445; x_wconf 88' lang='lat' dir='ltr'><strong>cum</strong></span> <span class='ocrx_word' id='word_1_382' title='bbox 1623 2405 1682 2444; x_wconf 85' lang='lat' dir='ltr'><strong>his</strong></span> <span class='ocrx_word' id='word_1_383' title='bbox 1694 2435 1704 2453; x_wconf 91' lang='lat'><strong>,</strong></span> 
     </span>
     <span class='ocr_line' id='line_1_42' title="bbox 443 2457 1707 2512; baseline 0.001 -15"><span class='ocrx_word' id='word_1_384' title='bbox 443 2459 727 2498; x_wconf 78' lang='lat' dir='ltr'><strong>decertaverint</strong></span> <span class='ocrx_word' id='word_1_385' title='bbox 739 2488 750 2506; x_wconf 88' lang='lat'><strong>,</strong></span> <span class='ocrx_word' id='word_1_386' title='bbox 771 2459 1054 2500; x_wconf 87' lang='lat' dir='ltr'><strong>immortalitate</strong></span> <span class='ocrx_word' id='word_1_387' title='bbox 1069 2459 1221 2498; x_wconf 90' lang='lat' dir='ltr'><strong>tandem</strong></span> <span class='ocrx_word' id='word_1_388' title='bbox 1236 2490 1247 2507; x_wconf 93' lang='lat'><strong>,</strong></span> <span class='ocrx_word' id='word_1_389' title='bbox 1262 2471 1338 2512; x_wconf 89' lang='lat' dir='ltr'><strong>qua</strong></span> <span class='ocrx_word' id='word_1_390' title='bbox 1351 2459 1570 2499; x_wconf 90' lang='lat' dir='ltr'><strong>continetur</strong></span> <span class='ocrx_word' id='word_1_391' title='bbox 1589 2457 1707 2498; x_wconf 92' lang='lat' dir='ltr'><strong>felici-</strong></span> 
     </span>
     <span class='ocr_line' id='line_1_43' title="bbox 445 2513 1708 2566; baseline 0 -14"><span class='ocrx_word' id='word_1_392' title='bbox 445 2522 503 2553; x_wconf 83' lang='lat' dir='ltr'><strong>tas</strong></span> <span class='ocrx_word' id='word_1_393' title='bbox 516 2513 654 2564; x_wconf 87' lang='lat' dir='ltr'><strong>omnis,</strong></span> <span class='ocrx_word' id='word_1_394' title='bbox 667 2513 795 2554; x_wconf 86' lang='lat' dir='ltr'><strong>donet.</strong></span> <span class='ocrx_word' id='word_1_395' title='bbox 827 2513 920 2554; x_wconf 90' lang='lat' dir='ltr'><strong>Non</strong></span> <span class='ocrx_word' id='word_1_396' title='bbox 932 2526 1028 2566; x_wconf 86' lang='lat' dir='ltr'><strong>ergo</strong></span> <span class='ocrx_word' id='word_1_397' title='bbox 1043 2526 1132 2554; x_wconf 88' lang='lat' dir='ltr'><strong>cum</strong></span> <span class='ocrx_word' id='word_1_398' title='bbox 1144 2513 1289 2554; x_wconf 89' lang='lat' dir='ltr'><strong>Solone</strong></span> <span class='ocrx_word' id='word_1_399' title='bbox 1303 2523 1374 2554; x_wconf 88' lang='lat' dir='ltr'><strong>tuo</strong></span> <span class='ocrx_word' id='word_1_400' title='bbox 1387 2513 1534 2554; x_wconf 77' lang='lat' dir='ltr'><strong>exitum</strong></span> <span class='ocrx_word' id='word_1_401' title='bbox 1543 2513 1708 2565; x_wconf 30' lang='lat' dir='ltr'><strong>homin-is</strong></span> 
     </span>
    </p>
   </div>
  </div>
 </body>
</html>
