1764 3419
420 202 512 267 378

421 392 1672 463 ANNOTATIONES

686 660 788 705 IN
855 657 1402 705 IMAGINES.

477 775 616 828 Pag.1.
635 776 658 813 l.
681 787 711 814 1.
735 774 952 827 ΕΙΚΟΝΕΣ)
978 773 1135 827 Dialogi
1159 773 1214 813 iffi
1232 774 1332 819 duo,
1362 773 1399 812 in
1424 773 1560 826 quibus
1578 773 1678 813 Pans

420 829 545 868 theam
564 829 778 867 Abradatae
792 841 954 867 uxorem
971 827 1155 875 describit,
1176 826 1373 867 doctissimi
1387 826 1480 866 sunt.
1501 828 1675 867 Bounn.

421 881 664 922 Bourdelmii
681 882 904 934 figmentum
924 882 1047 934 capita
1068 895 1128 928 17,
1147 895 1196 921 20
1217 882 1257 921 δι
1272 895 1342 927 22,
1358 880 1455 920 lecta
1465 880 1674 929 destruent3

420 937 514 988 quin
528 936 625 973 haud
640 935 757 974 dubie
771 936 809 975 &
831 935 908 974 fine
930 935 1155 988 ambagibus
1170 933 1338 974 ostendet
1350 964 1363 981 ,
1383 934 1566 986 depictam
1582 935 1639 974 hic
1653 946 1676 973 a

422 989 594 1028 Luciano
606 988 852 1039 Imperatoris
865 989 1030 1028 Romani
1045 988 1283 1035 concubinam,
1304 1001 1392 1027 cum
1413 1003 1546 1027 uxorem
1560 987 1677 1027 nulli-

422 1044 460 1081 bi
482 1044 591 1080 dicat.
619 1042 839 1082 Scholiastes
854 1053 980 1082 tamen
999 1055 1160 1082 uxorem
1177 1041 1275 1082 facit.
1303 1041 1467 1080 Panthea
1484 1040 1577 1081 haec
1595 1050 1678 1080 erat

424 1094 627 1146 Smyrnea‚
642 1096 745 1148 (cap.
765 1109 808 1135 10
826 1097 865 1136 δι
883 1096 924 1149 2)
943 1096 1047 1136 Lucii
1061 1097 1156 1135 Veri
1171 1096 1426 1146 Imperatoris,
1440 1105 1482 1134 ut
1496 1093 1678 1146 suspicor,

423 1152 542 1188 amica
554 1164 566 1197 ·,
581 1153 625 1188 de
636 1162 713 1200 qua
727 1162 853 1190 tamen
865 1150 964 1201 apud
978 1149 1182 1202 scriptores
1194 1149 1289 1188 illius
1302 1149 1430 1188 aetatis
1444 1148 1562 1187 altum
1575 1147 1679 1187 stien-

420 1205 540 1251 tium3
562 1203 626 1241 nisi
644 1203 742 1242 forte
756 1216 805 1242 eo
820 1203 959 1256 spectet
974 1203 1119 1243 Celeris
1133 1203 1370 1246 declamatio,
1387 1202 1504 1254 (quae
1517 1201 1678 1252 Diony-

421 1254 479 1296 sio
497 1270 518 1295 a
537 1256 756 1308 quibusdam
772 1257 1030 1308 tribuebatur)
1052 1269 1129 1310 qua
1143 1255 1325 1308 Araspam
1341 1255 1527 1295 Pantheae
1544 1254 1680 1294 Xeno-

422 1310 615 1363 phonteae
631 1323 840 1350 amatorem
857 1311 1048 1356 laudabat,
1063 1311 1161 1362 apud
1176 1309 1346 1348 Philostr.
1362 1322 1435 1361 524
1449 1319 1680 1348 memorata:

422 1364 537 1404 Celer
552 1366 650 1403 enim
665 1365 740 1411 ille,
753 1365 819 1417 qui
831 1364 1053 1416 Capitolino
1066 1364 1253 1404 Caninius
1269 1362 1382 1403 Celer
1394 1362 1461 1410 est,
1480 1363 1535 1402 M.
1552 1363 1678 1402 Aure-

422 1417 518 1457 lium
537 1418 575 1457 ἃ
593 1419 632 1456 L.
650 1419 797 1457 Verum
818 1419 914 1457 inter
926 1419 1116 1458 auditores
1131 1417 1262 1456 habuit
1277 1416 1328 1468 (c.
1347 1416 1402 1469 2.)
1426 1415 1583 1455 SOLAN.

478 1474 550 1510 ead.
569 1474 591 1510 l.
608 1486 642 1510 2.
661 1476 766 1509 ΛΥΚ.
783 1476 856 1510 ΚΑΙ
871 1471 1001 1524 ΠΟΛ.)
1026 1470 1273 1511 Personarum
1287 1469 1587 1522 colloquentium
1606 1481 1681 1508 no·

424 1525 529 1563 mina
540 1537 618 1563 non
629 1525 744 1564 ambo
760 1536 867 1564 erant
880 1525 991 1564 titulo
1002 1524 1177 1578 inscripta
1191 1525 1230 1562 in
1242 1524 1322 1564 edd.
1345 1522 1417 1563 Sed
1433 1524 1522 1576 quia
1535 1523 1576 1562 δι
1590 1522 1680 1561 alibi

421 1579 610 1617 interdum
627 1579 748 1617 addita
764 1578 899 1618 suntin
914 1580 1000 1617 Par.
1018 1579 1129 1631 idque
1143 1579 1192 1617 ab
1207 1577 1418 1617 Hemsterh.
1441 1589 1601 1630 quoque
1623 1574 1682 1615 fa-

424 1631 528 1671 &um
548 1633 836 1680 animadverto,
859 1644 922 1673 eas
938 1631 1158 1685 suprascribi
1180 1631 1349 1679 curab0,
1373 1629 1443 1670 nist
1463 1630 1603 1671 fuerint
1623 1629 1682 1669 ni·

424 1688 537 1724 miae.
565 1686 709 1725 REITz.

479 1742 551 1778 ead.
567 1741 587 1777 l.
602 1755 634 1792 3.
646 1737 813 1780 Τοιοῦτόν
824 1755 864 1780 τι
878 1739 1076 1794 ἕποιο-χον)
1091 1739 1215 1779 Aliter
1227 1739 1264 1778 in
1279 1737 1353 1778 suis
1362 1738 1482 1778 Codd.
1492 1736 1617 1788 legiffe
1630 1735 1684 1775 vi-

424 1793 536 1832 detur
556 1794 731 1833 Thomas
750 1794 942 1847 Magister,
964 1807 1100 1846 nempe
1119 1792 1267 1833 τοιοῦτό
1289 1807 1328 1832 τι
1352 1791 1498 1832 ἔπειθον.
1523 1791 1682 1831 somn.

423 1846 528 1886 Idem
542 1846 634 1895 esse,
652 1846 800 1900 legasne
811 1847 990 1895 τοιοῦτον,
1013 1860 1060 1887 an
1074 1845 1233 1893 τοιοῦτο,
1247 1845 1314 1885 etsi
1332 1847 1437 1899 prius
1450 1845 1593 1884 Nostro
1606 1843 1684 1883 fte-

425 1901 628 1953 quentius,
652 1900 760 1954 supra
775 1901 862 1941 satis
874 1902 1035 1942 diximus
1049 1902 1095 1941 ad
1107 1902 1282 1941 Hermot.
1295 1912 1329 1940 c.
1343 1913 1408 1952 29,
1422 1898 1576 1952 aliisque
1585 1898 1682 1938 locis

422 1954 481 1993 ibi
494 1955 676 1995 indicatis.
703 1955 848 1995 ΚΕΗ-Ζ.

482 2011 554 2047 ead.
571 2009 595 2046 l.
612 2021 644 2060 5.
665 2012 710 2047 T'o
724 2008 934 2062 τσῦμύθου)
951 2008 1008 2048 Ita
1028 2007 1112 2048 Mff.
1125 2008 1247 2061 Regg.
1262 2020 1379 2061 2954,
1392 2020 1491 2061 2955
1506 2006 1548 2047 δι
1563 2018 1632 2058 301
1644 2018 1679 2044 1.

427 2060 521 2101 Edd.
540 2060 606 2100 τοῦ
620 2061 746 2111 μύθου,
765 2062 904 2115 absque
924 2060 979 2101 τό.

485 2118 558 2154 ead.
568 2115 591 2154 l.
603 2117 640 2155 6.
651 2116 860 2170 Πεπηγὼς)
873 2116 1030 2156 Dicitur
1039 2115 1113 2155 hoc
1126 2114 1343 2155 verbum-de
1355 2127 1470 2168 aqua,
1480 2112 1583 2160 oleo,
1595 2111 1683 2152 mel-

425 2165 488 2216 le,
511 2168 630 2218 la6te3
654 2168 798 2222 saepius
813 2172 857 2209 de
870 2170 976 2223 aquis
991 2169 1262 2210 &fluminibus
1274 2200 1286 2218 ,
1307 2181 1395 2208 cum
1417 2165 1685 2212 concrescunt,

430 2222 696 2274 coagulantur.
714 2224 872 2263 SOLAN.

487 2276 577 2327 Pag.
591 2291 626 2315 2.
645 2278 666 2314 l.
689 2292 724 2316 1.
743 2274 808 2317 '‘Av
830 2292 890 2316 τις
910 2277 992 2316 ῧλον
1015 2280 1079 2316 τὶν
1101 2276 1263 2316 Σίπυλον
1279 2272 1582 2327 pneumam-seer)
1604 2273 1684 2312 Iac.

434 2328 578 2370 Elsner.
592 2330 685 2370 haec
694 2331 848 2371 Luciani
860 2331 1034 2376 afferens,
1044 2331 1088 2370 ad
1100 2330 1169 2370 Ev.
1181 2330 1302 2370 Marci
1314 2329 1382 2377 XI,
1393 2344 1456 2378 23,
1468 2328 1532 2368 ubi
1546 2327 1683 2380 legitur

433 2383 472 2422 ὃς
482 2382 526 2422 ὀὶν
542 2382 627 2434 εἴπῃ
642 2384 694 2434 τῷ
704 2384 772 2436 ’ὄρει
787 2384 907 2433 τούτῳ
918 2384 1081 2435 Ἄρθητι,
1097 2383 1160 2422 καὶ
1173 2382 1383 2429 βλήθητιείς
1395 2382 1462 2422 τὴν
1478 2380 1683 2421 &anducate

435 2438 511 2476 &c.
531 2449 683 2485 monet,
701 2438 743 2477 iis
754 2468 767 2485 ‚
785 2451 909 2492 aeque
922 2451 1036 2491 atque
1050 2438 1108 2477 his
1121 2438 1276 2478 Luciani
1286 2468 1298 2487 ‚
1319 2435 1516 2491 fignificari
1531 2450 1595 2475 rem
1604 2445 1685 2486 graf

436 2505 510 2530 vem
523 2491 557 2531 6·
570 2492 837 2546 infitperabilem‚
862 2504 977 2547 quem
998 2493 1096 2536 vide.
1115 2491 1262 2531 REITZ.
