1764 3419
441 226 532 288 5&
629 222 1497 271 ANNOTATIONES

439 310 668 363 phan.Nub.
685 326 798 364 1043,
818 311 905 364 ἔχω
931 312 1056 356 λαβὼν
1080 310 1254 357 ἄφυκτον.
1279 310 1324 350 Et
1338 311 1479 363 paffim.
1499 312 1571 353 Sed
1593 313 1702 362 ἀφεύ-

439 379 541 404 κτως
553 363 714 405 afferens
728 366 965 418 Stephanus,
981 379 1166 411 σοφευκτος
1178 365 1347 403 similiter
1361 364 1398 404 se
1414 366 1583 406 nondum
1597 368 1703 406 inve-

440 417 531 458 nisse
547 417 695 458 fatetur.
715 418 883 471 Ideoque
902 419 941 458 &
959 431 1034 470 ego
1056 418 1092 456 id
1106 418 1279 457 Luciano
1294 430 1372 457 non
1394 419 1619 468 obtrudam;
1632 419 1699 460 etfi

441 470 606 511 Solanus
618 502 630 517 ,
644 473 708 522 qui
721 473 757 511 id
770 471 879 524 supra
891 473 1128 518 emendarat,
1146 472 1243 510 idem
1258 471 1316 510 hic
1329 471 1510 510 intaemm
1525 473 1674 525 reliquit
1686 486 1700 521 ;

442 524 532 570 etsi,
549 525 725 577 inquam,
744 526 802 564 bis
822 527 894 564 iam
913 525 952 564 in
969 525 1048 564 edd.
1063 538 1244 571 αφευκτον
1271 525 1484 576 (interdum
1507 525 1546 565 δι
1566 539 1701 566 corru-

440 590 505 629 pte
530 578 714 631 ἄφατον)
740 578 892 623 inveni,
919 578 1092 617 nondum
1116 589 1241 617 tamen
1264 589 1398 617 contra
1424 578 1581 618 Luciani
1605 581 1701 619 alio-

439 643 623 722 rumqut}l
626 629 773 670 solitam
787 631 1100 684 orthographiam
1119 631 1154 670 id
1173 630 1413 671 introducere
1435 632 1577 681 audeo,
1593 644 1636 673 ut
1655 632 1703 674 stt

471 696 566 722 arvi.
628 694 734 723 urz.

441 697 468 736 p
493 738 567 775 ead.
581 737 604 776 l.
622 751 655 790 5.
669 737 878 803 Γεινομένῳ)
895 738 1053 778 Homer.
1073 738 1116 778 11.
1134 743 1182 784 Τ,
1197 736 1282 778 128.
1298 738 1456 778 SOLAN.

495 791 568 828 ead.
582 791 606 828 l.
624 804 639 829 1
651 786 844 844 ι.”ομηρος
858 806 893 831 εν
908 790 1016 842 ἑτέρῳ
1030 791 1149 844 μέρει)
1164 791 1278 830 Haud
1293 793 1482 832 immerito
1493 792 1620 833 Solan.
1639 793 1704 832 ad-

440 840 659 894 scripserat,
680 845 796 884 etiam
812 844 862 884 fic
879 845 1003 897 legere
1024 846 1117 885 Hor.
1131 844 1170 884 δι
1190 846 1272 884 Coll.
1288 844 1395 897 Quia
1414 847 1549 886 nonin
1563 846 1700 899 Odyss'.

440 894 554 935 sedin
570 897 672 937 lliad.
683 903 730 946 Υ,
745 899 838 950 336,
854 898 954 938 hunc
968 898 1118 938 versum
1135 899 1283 950 reperit.
1299 898 1439 940 Rznz.

497 951 534 988 in
550 950 664 990 Schol.
689 952 711 989 l.
729 966 761 1005 3.
775 951 817 990 ‘O
829 950 934 1004 ἔτεος)
956 951 1015 992 Sic
1037 952 1093 992 bis
1115 951 1191 992 sine
1211 961 1372 993 accentu
1393 953 1571 1004 scriptum
1594 952 1704 993 inve·

441 1001 492 1041 ni.
515 1003 656 1044 Forsan
681 1005 804 1044 dedita
829 1017 968 1056 opera,
986 1007 1075 1057 quia
1098 1005 1136 1044 in
1163 1004 1430 1058 antiquiffimis
1448 1007 1704 1048 monumentis

440 1068 621 1098 accentus
637 1058 728 1098 nulli
739 1073 752 1106 ;
766 1059 806 1098 δι
824 1059 910 1099 ideo
924 1059 970 1098 ad
981 1059 1233 1099 imitationem
1249 1059 1401 1099 illorum
1413 1072 1594 1100 accentus
1604 1073 1705 1113 quo·

441 1123 519 1204 {ff
538 1111 587 1149 ab
605 1111 810 1152 Scholiasta
832 1112 895 1153 hic
915 1112 1049 1153 omiffi.
1071 1112 1233 1166 Spiritus
1253 1123 1378 1153 tamen
1399 1113 1560 1167 appoliti
1584 1123 1706 1155 erant.

509 1175 592 1205 xrz.

498 1218 590 1270 Pag.
608 1233 695 1272 203.
708 1219 731 1258 l.
745 1234 780 1272 9.
795 1214 846 1258 Οὔ
861 1218 960 1270 τρεῖς
973 1219 1012 1259 αἱ
1028 1218 1159 1272 Μοῖραί
1172 1218 1242 1273 εἰσ]
1255 1249 1268 1266 ,
1299 1219 1449 1269 Κλωθὼ,
1461 1219 1646 1274 Λάχεσις,
1660 1217 1707 1262 eT-

441 1286 517 1321 μαι
529 1302 540 1319 ,
558 1273 622 1311 καὶ
632 1273 814 1324 Ἀτροπος
823 1287 836 1321 3
854 1277 981 1314 ΖΕΥΣ.
997 1274 1101 1312 Πάνυ
1110 1274 1179 1322 μὲν
1193 1272 1277 1325 οὑν)
1291 1274 1453 1313 Mutilus
1466 1273 1577 1313 simul
1595 1274 1635 1314 δι
1649 1276 1708 1314 vi-

441 1325 563 1365 tiosus
576 1326 621 1365 ad
639 1327 731 1366 haec
746 1328 865 1366 verba
886 1327 1024 1378 legitur
1043 1325 1288 1366 Scholiastes:
1307 1326 1418 1366 Τοῦτο
1436 1328 1513 1366 καθ’
1529 1324 1705 1369 Ἑλλήνων

446 1376 638 1430 ἠπόρησεν.
654 1382 721 1420 εἰτ’
739 1382 836 1420 dub
855 1395 893 1419 τι
910 1379 1072 1420 &bremon
1088 1379 1282 1430 εἱμαρμένη
1298 1381 1361 1420 καὶ
1384 1381 1491 1434 τύχη
1512 1384 1618 1433 παρὰ.
1637 1380 1706 1422 τῆς

443 1432 587 1483 μοίραις,
602 1449 681 1474 erre
696 1431 973 1483 ἰσοέυνοιμοῦσι.
988 1432 1048 1474 <hb
1067 1431 1114 1473 ὦς
1133 1435 1312 1488 μεγάλης
1324 1433 1433 1475 οὔσης
1447 1432 1517 1474 τῆς
1529 1434 1708 1485 ἀπορίαις,

443 1486 595 1525 ἐποίησε
616 1491 678 1527 ‘tbi‘
700 1487 777 1527 Δία.
789 1509 861 1518 —
874 1487 955 1538 περὶ
968 1483 1093 1527 αὐτῶν
1109 1486 1324 1540 ἁπορηθῆνοιι
1337 1487 1556 1540 δυνά-μενον.
1569 1487 1709 1528 Poffu-

446 1552 534 1578 mus
547 1539 640 1580 haec
658 1541 709 1580 ita
725 1541 939 1594 supplentes
951 1541 1188 1580 emendatius
1201 1542 1327 1594 legere
1338 1571 1350 1587 ,
1368 1542 1521 1582 ἐποίησε
1541 1545 1607 1581 τὴν
1628 1542 1708 1582 Δίοι

444 1592 657 1644 ἀποροῦντα.
672 1595 756 1646 περὶ
770 1591 894 1635 αὐτῶν
904 1592 1138 1647 ἀποκριθῆναι
1148 1595 1199 1644 μὴ
1221 1594 1438 1645 δυνάμενον.
1455 1595 1538 1635 Nec
1550 1595 1709 1645 dubito,

442 1647 537 1698 quin
561 1648 653 1688 haec
680 1650 844 1701 genuina
866 1647 910 1687 fit
939 1647 1168 1688 Scholiastae
1190 1649 1480 1688 commentatio.
1506 1647 1622 1688 Plane
1643 1649 1710 1695 id,

443 1701 550 1752 quod
574 1703 635 1742 hic
655 1703 702 1740 ab
726 1701 932 1743 Scholiasta
951 1702 1005 1741 ita
1026 1700 1204 1756 suppleto
1226 1702 1375 1750 dicitur,
1402 1702 1450 1742 ab
1473 1702 1645 1743 Luciano
1667 1702 1709 1743 in

443 1753 520 1794 hoc
540 1755 712 1808 Dialogo
729 1755 785 1795 fit.
810 1756 914 1795 IENs.

505 1808 596 1862 Pag.
608 1823 694 1858 204.
707 1810 730 1849 l.
745 1826 782 1858 4.
793 1814 838 1848 T‘o
853 1809 961 1861 περὶ)
977 1809 1035 1849 Ex
1056 1808 1139 1851 ΜΠ.
1156 1808 1234 1849 ΟΧ.
1249 1808 1288 1848 P.
1308 1809 1349 1849 &
1361 1809 1443 1849 edd.
1455 1809 1486 1849 I.
1504 1810 1546 1850 δι
1566 1810 1649 1850 Vm.
1671 1822 1707 1850 2.

445 1860 500 1955 {st
519 1862 609 1903 illud
629 1866 701 1911 τὸ,
713 1864 847 1918 reliqui
861 1864 965 1904 enim
982 1863 1067 1903 libri
1086 1863 1228 1903 habent
1248 1863 1370 1910 πότε,
1391 1863 1500 1917 quod
1517 1863 1622 1903 nihili
1639 1863 1708 1923 esp

473 1926 603 1957 OLAN.

503 1973 575 2009 ead.
589 1971 612 2010 l.
626 1984 664 2023 9.
680 1967 834 2021 Ὁμήρου
848 1970 966 2017 ἔοι-ὧν)
982 1970 1103 2010 Hom.
1115 1970 1158 2010 ῙῙ.
1170 1976 1203 2010 Θ
1213 2000 1224 2016 ,
1242 1969 1287 2010 18
1301 1969 1343 2011 &
1353 1969 1454 2023 seqq.
1468 1969 1626 2011 somn.

501 2024 581 2064 ibid.
591 2025 644 2064 Ἐν
658 2020 730 2076 οἷς)
743 2023 843 2063 Cod.
857 2024 934 2065 Ox.
949 2025 988 2070 ὁὶ,
1006 2024 1111 2076 quod
1126 2025 1279 2064 minime
1290 2023 1556 2077 spernendum,
1571 2037 1708 2078 quam·

445 2075 503 2116 vis
518 2090 732 2130 repugnent
744 2078 858 2117 ceteri
873 2078 966 2117 libri.
981 2077 1137 2117 SOLAN.

499 2135 573 2169 ead.
590 2133 613 2170 l.
630 2146 644 2170 ι
657 2145 687 2170 1.
701 2131 1026 2184 Ἀιιοιρτησὸμενος)
1043 2132 1202 2171 Homer.
1216 2131 1257 2170 11.
1272 2136 1334 2178 Θ,
1350 2130 1394 2170 ι8
1411 2153 1456 2164 —-
1471 2144 1534 2181 27.
1547 2131 1708 2174 Sol-AN.

447 2182 558 2234 Quia
581 2183 812 2235 ἁναρτησόμ.
837 2185 980 2236 recepi,
997 2186 1111 2224 etiam
1133 2184 1348 2226 versionem
1366 2185 1412 2224 ad
1432 2184 1469 2224 id
1489 2197 1709 2226 accommo-

449 2237 558 2277 davi.
571 2234 766 2279 Gesnerus
777 2268 788 2285 ,
803 2237 996 2290 vulgatam
1014 2237 1187 2285 secutu8‚
1199 2239 1353 2281 dederat
1364 2267 1377 2286 ,
1393 2251 1556 2292 tanquam
1573 2240 1710 2293 quiau-

449 2306 506 2330 rea
527 2294 672 2345 quadam
692 2304 811 2331 catena
819 2292 988 2344 suspensa
1007 2294 1131 2331 habeas
1149 2292 1318 2345 universa.
1332 2295 1387 2332 At
1399 2304 1490 2332 cum
1504 2305 1597 2333 mox
1611 2306 1708 2346 quo-

446 2357 525 2396 que
539 2345 715 2398 sequatur
737 2344 911 2385 futurum
932 2342 1121 2393 κοιθίισειν,
1141 2345 1381 2387 manifestum
1395 2345 1470 2394 est,
1485 2347 1605 2386 minas
1626 2347 1709 2388 illas

447 2399 660 2451 utrobique
673 2400 717 2438 ad
733 2398 897 2439 futuram
915 2399 1105 2439 aclionem
1120 2401 1324 2451 pertinere:
1347 2413 1434 2439 cum
1465 2412 1514 2439 ue
1527 2399 1708 2451 posterio-

445 2465 488 2491 re
508 2454 660 2492 demum
676 2453 767 2492 loco
784 2454 881 2492 dicat
896 2452 1085 2505 Iuppiter,
1100 2452 1138 2493 se
1157 2466 1328 2494 catenam
1345 2454 1442 2493 demi
1475 2466 1611 2502 urum,
1625 2466 1707 2494 non

443 2517 594 2559 poterat
614 2517 704 2548 ante
726 2508 896 2556 narrari,
911 2508 1043 2548 eadem
1058 2507 1094 2549 se
1115 2507 1247 2549 omnia
1267 2508 1342 2549 iam
1363 2505 1510 2550 sursum
1530 2506 1706 2555 traxiffe,
