1764 3419
442 249 536 305 ςμ
634 237 1503 287 ANNoTATioNEs

441 326 568 367 sensus
586 327 660 368 effe
678 326 825 381 potest,
836 327 884 365 ab
901 326 975 365 hoc
986 325 1154 366 tumultu
1165 317 1431 380 disputantium
1451 325 1699 382 philosopho&

441 393 528 420 rum
550 379 667 432 spicas
686 384 724 420 in
747 379 866 420 densis
881 380 990 419 sulcis
1004 380 1175 419 moveri:
1196 381 1281 428 vel,
1297 381 1477 430 quoniam
1499 382 1587 420 nihil
1603 382 1696 421 alias

441 437 611 473 occurrit
627 437 663 473 in
678 434 840 473 oraculo
851 463 862 480 ‚
882 434 986 484 quod
1002 433 1047 471 ad
1061 433 1280 472 irridendam
1299 433 1496 482 Deorum,
1515 434 1624 474 Iovis
1638 435 1697 473 in·

440 488 573 541 primis
593 517 604 533 ‚
639 488 866 526 anxietatem
899 486 941 525 δι
972 485 1260 525 sollicitudinem
1292 487 1476 537 pertineat
1495 514 1506 532 ‚
1534 488 1696 539 ταρφέος

730 538 1154 643 523553335222312
1172 538 1528 632 frisiis
1636 541 1698 633 ‘¹⁴3‘

705 623 717 638 ³
986 621 998 632 ⁸
1126 623 1139 630 ·
1293 621 1303 639 ἱ
1685 613 1699 624 ”

441 659 490 685 ro
506 607 670 698 §iace-ut,
691 644 816 684 dixiffe
829 645 973 697 potest,
995 657 1062 697 per
1083 608 1299 697 meffilepfin
1320 659 1391 697 pro
1405 606 1573 698 ἑιμέιξῃὲίῖ
1590 606 1698 700 pffu-

441 699 520 738 stro
535 699 601 738 illo
613 698 782 744 coelesti,
796 698 892 751 (vid.
906 697 1008 736 Iliad.
1024 704 1070 746 Σ,
1085 697 1186 750 488)
1204 699 1307 750 quod
1324 699 1417 751 polo
1433 701 1605 739 vicinum
1620 699 1697 748 est3

442 752 577 804 polum
600 765 671 803 pro
693 751 824 798 coelo,
842 752 904 790 cui
923 751 1021 801 ἄκροι
1039 752 1206 802 κόρυμβα
1219 752 1384 791 tribuere
1397 764 1474 792 non
1487 754 1613 806 inepte
1628 766 1699 806 po·

442 805 537 852 tuit3
564 805 714 844 coelum
738 817 808 856 pro
826 804 913 843 Diis
937 803 1032 856 ipsis.
1057 806 1146 844 Hoc
1167 817 1256 844 cum
1277 805 1471 845 videretur
1494 805 1697 847 sententiae

442 858 567 910 magis
580 858 911 897 accommodatum
925 887 937 904 ‚
953 856 1055 910 sequi
1068 859 1105 896 in
1121 858 1431 910 interpretatione
1445 859 1596 911 placuit.
1608 859 1699 900 Por-

441 925 490 951 ro
503 911 605 963 ἐικρὶς
625 911 747 964 potest
764 911 930 950 alludere
943 910 987 949 ad
1008 912 1294 964 τεττιγοφορίαν
1313 911 1600 952 Atheniensium
1614 939 1628 960 ,
1645 913 1698 962 fi,

443 976 490 1004 ut
507 966 670 1013 videtur,
684 965 880 1005 Timocles
901 964 1141 1003 Atheniensis
1161 964 1254 1012 fuit;
1278 964 1417 1004 Damis
1439 977 1565 1006 autem
1588 978 1698 1006 com-

443 1019 571 1070 parari
595 1019 750 1058 vulturi.
770 1018 841 1057 Sed
863 1019 958 1057 ohe!
986 1017 1070 1056 satis
1098 1017 1172 1063 est,
1202 1031 1250 1057 ne
1274 1018 1476 1058 ludibrium
1495 1021 1700 1060 debeamus

445 1072 599 1111 Momo.
612 1070 813 1123 Quorsum
826 1072 1036 1124 pertineant
1050 1071 1214 1121 ὀξυβόαι,
1229 1075 1420 1124 κλωγμὸς,
1433 1073 1594 1125 κορῶναι,
1607 1074 1702 1123 ’όνοι,

449 1123 608 1175 ἷιμίονοι,
625 1127 665 1165 &
690 1125 807 1164 verba
830 1137 949 1177 prope
967 1125 1120 1171 omnia,
1145 1137 1282 1178 nempe
1304 1127 1349 1164 ad
1369 1126 1539 1165 iniuriam
1560 1126 1600 1166 δι
1615 1127 1698 1166 irri-

443 1178 589 1218 sionem
615 1177 925 1231 philosophorum
941 1207 952 1226 ,
967 1190 1049 1217 non
1066 1177 1119 1217 est
1133 1177 1338 1218 obscurum
1349 1208 1362 1226 ,
1382 1178 1411 1218 si
1430 1180 1514 1233 quis
1533 1180 1628 1220 velit
1642 1192 1699 1220 at-

445 1232 611 1272 tendere.
633 1231 757 1271 GESN.

497 1289 570 1324 ead.
586 1288 608 1323 l.
621 1299 656 1335 7.
672 1285 773 1324 Ἀλλ’
786 1284 878 1323 ’όταν
890 1283 996 1337 aly.)
1009 1284 1168 1324 Homer.
1181 1283 1316 1336 Odyff.
1335 1291 1366 1324 Χ
1378 1315 1389 1333 ,
1407 1297 1492 1337 302.
1509 1285 1667 1325 soi-Au.

498 1339 578 1377 ibid.
593 1337 793 1392 Αἰγυπιος)
814 1336 886 1376 Ms.
905 1337 985 1377 Ox.
1002 1337 1229 1388 Αἱγύοιτιος,
1245 1350 1437 1392 corrupte.
1451 1339 1540 1379 Vid.
1554 1339 1628 1380 Od.
1644 1345 1700 1387 X,

449 1405 523 1446 302
537 1422 547 1438 ‚
565 1393 604 1432 δι
626 1392 670 1431 ll.
687 1395 720 1429 Π
732 1421 746 1438 ,
760 1392 847 1435 428.
864 1391 1022 1429 SOLAN.

498 1449 572 1484 ead.
586 1445 609 1483 I.
630 1446 687 1485 16.
700 1445 834 1498 Λέγει)
851 1444 909 1482 Ex
926 1443 996 1482 Ms.
1011 1443 1106 1496 Reg.
1125 1456 1238 1496 2955.
1256 1457 1326 1496 pro
1339 1445 1445 1498 vulg.
1460 1445 1581 1499 λέγω.

499 1501 571 1537 ead.
585 1499 608 1537 l.
624 1511 680 1546 17.
698 1497 1013 1546 Θεμιστοκλέους)
1026 1496 1209 1544 Consule,
1220 1497 1244 1536 si
1259 1511 1338 1537 non
1352 1499 1562 1546 meministi,
1573 1498 1697 1540 Corn.

445 1551 638 1604 Nepotem
654 1552 691 1590 in
705 1550 974 1590 Themistocle.
990 1550 1027 1589 Is
1039 1552 1138 1590 enim
1152 1552 1297 1590 oraculi
1314 1563 1476 1592 mentem
1488 1554 1700 1602 enarravit,

446 1619 528 1657 quo
539 1605 610 1658 sefi
627 1605 730 1644 muris
749 1605 864 1658 ligneis
879 1605 983 1642 tutari
1002 1603 1249 1644 Athenienses
1268 1605 1511 1646 iubebantur.
1523 1606 1625 1646 Vide
1637 1605 1700 1646 su-

446 1672 515 1711 pra
530 1671 562 1697 c.
587 1672 655 1706 ιο,
674 1659 713 1698 &
732 1659 824 1698 adde
839 1657 1023 1709 Polyaen.
1049 1657 1162 1697 Strat.
1184 1657 1221 1705 1,
1241 1672 1276 1710 p.
1292 1671 1354 1707 40.
1378 1659 1535 1699 SOLAN.
1552 1659 1700 1699 Alludit

447 1712 495 1751 ad
517 1712 720 1752 oraculum
741 1713 786 1752 de
808 1712 986 1750 domibus
1006 1711 1147 1763 ligneis.
1163 1711 1215 1750 V.
1236 1711 1424 1752 Plutarch.
1447 1715 1579 1764 Guyet.
1593 1713 1698 1753 Idem

446 1777 583 1805 notum
599 1778 647 1805 ex
662 1765 784 1806 Corn.
798 1766 896 1818 Nep.
910 1767 948 1803 'in
961 1765 1030 1803 vit.
1045 1764 1314 1805 Themistoclis
1327 1778 1361 1805 c.
1381 1779 1414 1807 2.
1429 1765 1573 1806 Rtrrz.

502 1819 594 1871 Pag.
609 1820 695 1858 261.
710 1821 733 1857 I.
750 1833 784 1859 2.
804 1817 1054 1871 Κανθιιλίους)
1076 1819 1290 1858 Laudamur
1301 1818 1433 1858 versus
1446 1820 1598 1872 quidam
1614 1819 1699 1872 Ly·

448 1871 561 1924 sippi,
580 1873 618 1911 in
640 1873 778 1925 quibus
799 1873 905 1924 peius
923 1873 1014 1925 quid
1029 1871 1135 1912 asino
1149 1872 1203 1911 est
1222 1870 1424 1912 κανθήλιος.
1443 1873 1480 1912 Εἰ
1495 1873 1547 1924 μὴ
1567 1873 1699 1912 τεθέα·

449 1940 519 1965 σου
532 1928 606 1965 τὰς
623 1925 787 1973 Ἀθήναις,
805 1926 996 1978 στέλεχος
1011 1922 1053 1965 εἷ.
1071 1927 1106 1964 Εἰ
1124 1925 1169 1965 ἒὲ
1185 1925 1360 1965 ‘reema-ai
1373 1955 1385 1974 ,
1402 1926 1451 1976 μὶν
1465 1924 1674 1978 τεθῇρευσοιι
1684 1956 1702 1973 ‚

448 1978 537 2019 'o‘vosx
566 1979 602 2018 Εἰ
623 1979 661 2018 <5⁰
681 1977 882 2029 εὖοιρεστῶν
899 1979 1159 2031 ἀποτρέχεις,
1179 1976 1378 2019 κανθήλιος.
1394 1981 1501 2020 Haec
1523 1992 1574 2020 ex
1597 1981 1700 2021 notis

449 2032 691 2073 Rittershusii
707 2034 751 2072 ad
764 2032 956 2085 Porphyr.
969 2032 1044 2071 No.
1064 2045 1076 2069 i
1085 2032 1119 2071 8.
1134 2032 1290 2072 ΒοιΑΝ.

505 2087 593 2139 Pag.
608 2088 696 2126 262.
710 2088 733 2126 l.
758 2101 789 2127 1.
802 2085 967 2124 Βοιώ-τιον
980 2085 996 2138 )
1011 2085 1071 2126 Sic
1089 2087 1295 2126 Horatius:
1317 2086 1519 2126 Boeotorum
1530 2086 1568 2126 in
1589 2085 1698 2140 craffi,

447 2140 575 2179 iurares
587 2145 661 2178 aire
675 2152 802 2179 nasum.
817 2140 973 2179 SOLAN.

501 2194 582 2232 ibid.
594 2193 862 2232 Ξυνοιπολέσοιι
876 2192 940 2231 ἐπὶ
954 2191 1094 2246 πονηρῷ
1109 2192 1327 2245 τοσούτους)
1341 2192 1404 2233 Sic
1422 2204 1579 2240 omnes,
1597 2204 1700 2246 quos

448 2246 545 2295 vidi,
558 2247 733 2286 Codices.
746 2246 817 2286 Sed
830 2259 910 2285 non
922 2246 1070 2294 dubito,
1087 2247 1178 2299 quin
1194 2247 1394 2298 legendum
1406 2245 1453 2285 fit
1464 2243 1513 2286 ἐνὶ
1526 2258 1598 2298 pro
1611 2246 1701 2296 ἐπὶ,

449 2311 493 2339 ut
510 2300 606 2339 infra
619 2300 750 2339 Somn.
763 2301 805 2339 L.
824 2300 922 2338 Bos.
941 2300 1036 2338 Mihi
1052 2312 1130 2339 non
1145 2299 1200 2339 est
1209 2300 1367 2338 dubium
1379 2329 1391 2345 ‚
1410 2299 1609 2352 legendum
1624 2299 1699 2340 ess'e

449 2353 499 2393 ἓν)
515 2353 661 2407 πονηρῷ.
676 2353 1009 2406 Calligrapliorum
1026 2354 1146 2394 vicini
1163 2354 1200 2392 in
1222 2364 1388 2405 utraque
1410 2353 1558 2393 vocula
1572 2353 1701 2406 expri-

448 2407 585 2447 menda
599 2407 733 2448 duRus
754 2408 992 2460 corruptioni
1010 2406 1248 2447 occasionem
1271 2407 1417 2446 dedere.
1432 2406 1560 2447 GESN.
1580 2407 1700 2447 Recte

450 2462 669 2500 divinarunt
682 2462 723 2500 L.
736 2461 829 2502 Bos,
843 2462 883 2500 δι
897 2461 925 2500 l.
942 2461 997 2500 M.
1010 2460 1123 2502 Gel'n.
1136 2459 1184 2499 {vi
1198 2461 1399 2513 legendum
1412 2473 1483 2512 pro
1497 2460 1575 2499 ἐπί.
1589 2459 1701 2513 Qua-

452 2527 514 2563 re,
531 2528 621 2555 cum
630 2515 683 2555 FI.
701 2515 863 2556 etiamid
878 2515 1036 2562 habeat,
1055 2514 1104 2554 sic
1120 2515 1292 2555 Luciano
1303 2514 1455 2555 reddidi.
1469 2513 1611 2554 R-tirz.
