1764 3419
351 218 454 264 IN
519 217 1023 265 ToXARIN.
1134 230 1319 286 .'423

62 300 235 350 Graecis,
254 302 359 343 illum
373 317 419 344 ex
434 305 600 356 Scythis,
616 306 860 359 quorundam
873 336 886 352 ,
907 306 975 358 qui
991 306 1026 344 in
1041 304 1076 345 se
1093 304 1258 347 summae
1281 309 1324 348 fi-

63 355 124 394 dei
143 355 184 395 &
202 357 303 396 nulla
323 359 578 398 calamitatum
597 360 781 399 violentia
804 358 950 399 infraEti
968 359 1156 398 amicitiae
1179 362 1325 401 vinculi

61 409 291 450 documenta
313 412 517 460 dederunt,
538 412 728 452 historiam
770 424 935 453 exentes.
965 412 1171 465 Mnefippo
1197 414 1325 465 itaque

53 462 238 512 miranti,
263 465 367 516 quod
389 466 490 517 apud
511 465 676 517 Scythas
696 466 754 518 Py
771 467 883 506 adi&
898 465 1026 506 Oresti
1046 465 1146 505 sacra
1163 465 1297 506 fierent
1311 498 1325 513 ,

63 527 159 554 cum
175 517 309 564 abiis,
333 530 469 571 utpote
494 521 684 565 mortuis,
711 520 801 558 nihil
816 520 987 559 utilitatis
1007 519 1179 559 humano
1193 521 1324 572 generi

52 567 186 624 ‘poffet
199 572 389 619 accedere,
403 572 602 624 respondet
618 575 714 612 inter
728 574 797 613 alia
810 574 992 619 Toxaris‚
1006 572 1166 626 Scythas
1181 574 1234 612 ita
1247 574 1326 613 exi-

63 621 214 662 stimare
225 653 235 670 ‚
255 623 291 663 se
307 625 406 665 reue
418 626 458 665 δι
473 627 606 666 ordine
622 625 766 674 facere,
785 628 849 680 qui
867 628 1038 667 virorum
1056 627 1323 679 praestantium

65 677 290 716 memoriam
307 679 446 727 colant,
467 693 548 732 quo
563 682 681 733 magis
698 681 873 720 viventes
886 680 922 721 se
937 681 983 720 ad
996 693 1130 732 magna
1145 682 1296 734 erigant
1310 711 1321 729 ‚

64 729 135 768 ubi
151 731 314 779 videant,
330 733 441 771 etiam
459 733 543 786 post
561 746 726 774 mortem
744 747 895 774 manere
907 735 1002 775 bene
1014 733 1201 774 faEtorum
1217 749 1326 789 prae·

64 783 153 823 mia.
176 783 329 825 Graeca
343 787 461 826 verba
475 789 659 840 quaedam
679 789 780 827 labes
793 788 923 827 infidet
936 788 1192 827 emaculanda.
1214 789 1281 828 Ait
1305 789 1322 839 §

66 848 105 882 ι,
125 832 176 875 Οὗ
186 837 260 888 μὴν
273 841 380 879 ἀλλὰ
390 841 457 879 ’καὶ
467 844 556 891 πρὶς
568 841 654 882 τοὺς
669 840 811 892 ζῶντας
823 842 972 891 ἄμεινον
985 842 1134 893 οἰόμεθα
1148 842 1324 894 πράξειν,

60 891 291 942 μεμνημένοι
306 893 378 932 τῶν
392 894 561 946 ἀρίστων·
571 896 634 934 καὶ
647 894 817 945 τιμῶμεν
829 894 1100 935 ἀποθανόντας.
1116 895 1186 934 Sed
1199 895 1324 948 legen-

65 943 172 992 dum,
183 944 314 998 (idque
330 950 471 987 nemini
486 961 564 988 non
581 948 823 1001 perspicuum
835 948 906 1002 est)
917 948 1142 999 μεμνημένοι
1157 948 1230 988 τῶν
1247 950 1324 1000 ἀρί-

65 1011 182 1047 στων,
198 1000 261 1038 καὶ
273 1002 475 1051 τιμώμενοι
499 1002 767 1042 ἀποθανόντας.
790 1004 886 1053 Quin
901 1015 1064 1055 putamus
1078 1018 1139 1041 nos
1153 1003 1190 1041 id
1207 1004 1324 1042 melius

64 1066 195 1105 quoque
207 1054 266 1101 iis,
279 1056 381 1106 quiin
396 1056 574 1108 vitasunt,
586 1056 693 1109 (προς
714 1056 799 1096 τοὺς
816 1057 971 1107 ζῶντας,
985 1055 1251 1096 oscitabundus
1268 1059 1324 1096 in-

63 1116 212 1158 terpres
227 1119 406 1158 verterat,
425 1110 482 1155 iis,
501 1111 633 1163 quaein
648 1111 719 1148 vita
727 1111 821 1161 fient.
835 1110 968 1163 Quem
983 1123 1153 1149 errorem
1171 1112 1243 1148 iam
1260 1124 1323 1150 ca-

62 1157 216 1212 stigavit
230 1161 491 1216 Gronovius.)
498 1163 707 1216 faHuros‚fi
715 1165 911 1217 optimorum
926 1179 1079 1202 memores
1084 1166 1204 1214 fimus,
1215 1165 1249 1202 6·
1264 1167 1324 1204 lto-

66 1228 145 1252 nore
154 1214 397 1267 prosequamur
408 1232 567 1257 mortuos.
582 1219 767 1270 Apprime
782 1217 868 1257 huic
882 1217 1115 1268 Scytharum
1129 1217 1300 1257 instituto
1311 1249 1324 1267 ‚

65 1266 178 1307 claris
187 1270 276 1308 viris
287 1269 429 1311 &Deis
443 1273 545 1311 iuxta
559 1273 746 1311 honorem
762 1271 1205 1318 habentium‚convenit‚
1219 1273 1324 1324 quod

65 1319 113 1359 tle
125 1320 295 1363 octavio
310 1323 500 1377 Augusto,
513 1326 733 1378 proximum
742 1325 826 1364 Diis
839 1324 1121 1364 immortalibus
1134 1324 1325 1364 honorem

66 1377 277 1416 memoriae
289 1378 427 1418 ducum
446 1379 667 1431 praestante,
686 1380 754 1432 qui
769 1379 967 1431 imperium
982 1378 1112 1430 populi
1128 1378 1177 1418 R.
1193 1391 1241 1418 ex
1256 1379 1326 1418 mi·

58 1429 174 1468 ‚nimo
190 1432 400 1472 maximum
417 1432 584 1473 fecissent
596 1463 607 1480 ,
634 1444 823 1472 memorat
838 1433 1045 1472 Suetonius
1057 1445 1138 1483 cap.
1159 1446 1200 1484 3¹
1211 1463 1222 1481 ,
1235 1445 1324 1472 eum

69 1498 182 1536 nempe
190 1486 325 1536 statuas
337 1488 483 1526 omnium
504 1500 641 1526 eorum
656 1488 796 1526 ducum
812 1487 1122 1541 triumphalbeffigie
1136 1487 1170 1524 in
1185 1499 1324 1540 uitaque
1348 1501 1351 1503 ·

56 1534 137 1588 fori
147 1537 207 1589 sui
216 1541 350 1590 porticu
362 1541 522 1593 dedicaffi
532 1557 548 1588 ,·
568 1541 667 1579 εάὶἐῖο
676 1540 872 1593 prcwfcffum,
888 1552 1103 1580 commentum
1117 1540 1209 1592 idfi’,
1234 1553 1274 1580 ut
1285 1542 1327 1579 z'l-

69 1590 176 1631 lorum
195 1594 286 1632 velut
299 1596 348 1632 ad
359 1597 526 1648 exemplar
542 1596 576 1634 δ’
596 1595 677 1645 ipse,
693 1597 770 1634 dum
782 1595 920 1640 viveret,
933 1594 967 1632 δ’
981 1594 1216 1646 insequentium
1230 1608 1326 1634 aeta-

71 1657 144 1684 tum
152 1647 321 1700 principes
334 1649 531 1700 erigerentur
543 1665 565 1687 a
577 1649 717 1688 civibus.
730 1671 774 1678 —
790 1646 993 1700 Mnefippo
1007 1649 1137 1700 itaque
1149 1647 1189 1686 &
1199 1649 1328 1688 Toxa-

68 1699 166 1748 ride,
190 1699 341 1754 singulis
355 1715 403 1741 ex
421 1701 485 1741 sua
498 1712 610 1754 gente
630 1702 803 1741 relaturis
813 1701 996 1755 quosdam
1012 1700 1220 1741 fidelissima
1235 1704 1327 1741 ami-

60 1753 156 1792 citia
178 1756 466 1802 memorabiles,
487 1757 527 1795 δι
551 1757 647 1795 inter
663 1755 699 1795 se
714 1755 897 1808 exemplis
916 1755 1106 1801 nobilibus
1123 1755 1229 1807 quasi
1247 1769 1327 1796 cer—

63 1808 218 1858 taturis,
230 1822 339 1861 rogat
352 1809 590 1862 Mnesippus,
602 1820 731 1850 utrum
744 1810 781 1848 in
794 1809 1060 1862 exemplorum
1075 1809 1329 1856 multitudine,

8 1870 9 1873 ’
70 1873 120 1900 an
144 1862 181 1900 in
202 1863 424 1903 excellentia
438 1864 648 1903 constitura
670 1863 903 1902 sitvietoria.
927 1862 1145 1915 Respondet
1161 1864 1329 1906 Toxaris

68 1928 105 1956 c.
125 1929 168 1954 ιι
187 1929 236 1956 m.
252 1916 289 1956 se
310 1918 438 1970 potius
460 1917 577 1965 velle,
599 1928 640 1958 ut
661 1917 925 1970 exemplorum
944 1917 1105 1969 dignitas
1130 1916 1328 1968 speeietur.

72 1969 142 2006 Καὶ
165 1970 195 2008 εἰ
211 1971 607 2026 τομώτεραικφετςὶῐ)
621 1972 797 2023 φαίνοντο
816 1970 854 2010 αἱ
869 1971 932 2011 σαὶ
948 1971 1114 2023 (φιλίαι)
1128 1970 1201 2010 τῶν
1219 1971 1328 2020 ἐμῶν,

72 2021 156 2062 ἰ’σαι
169 2026 232 2063 τὸν
245 2024 389 2077 ἀριθμὸν
405 2026 526 2072 osso-w,
539 2029 755 2078 καιριώτερα
770 2024 942 2065 snmve'm
957 2024 1259 2077 ἑργασονταίμοι
1276 2027 1327 2064 τὰ

63 2075 296 2129 τραύματα,
320 2078 384 2117 καὶ
405 2080 551 2119 θᾶττον
567 2078 712 2119 {arseio-co
727 2081 815 2131 πρὸς
836 2081 910 2118 τὰς
924 2080 1098 2129 πληγάς.
1122 2078 1260 2117 Reddit
1275 2080 1331 2117 in-

62 2140 222 2183 ⁴terpres
235 2162 245 2179 ‚
265 2146 304 2171 uc
316 2134 354 2182 fi
363 2145 440 2172 tuae
453 2133 532 2172 meis
546 2134 709 2173 acutiores
722 2145 906 2186 appareant
915 2161 926 2180 ‚
952 2132 1105 2185 quamvis
1122 2134 1331 2183 numerofint

72 2199 188 2237 pares,
214 2187 321 2239 magis
345 2187 458 2225 letalia
481 2188 619 2226 vulnera
635 2187 814 2240 infligant,
830 2201 970 2237 quarum
982 2186 1100 2224 iblihus
1110 2198 1222 2224 memet
1236 2188 1331 2226 ocius

67 2240 174 2280 daho.
201 2239 350 2288 Inscita,
370 2241 410 2282 δι
427 2253 449 2278 a
470 2253 595 2280 mente
616 2240 783 2281 auctoris
797 2239 918 2280 aliena
934 2239 1072 2279 versio.
1089 2240 1222 2286 Verte,
1245 2241 1333 2291 E'fi

77 2304 156 2331 tuae
179 2292 417 2346 (amicitiae)
438 2295 517 2333 meis
531 2295 709 2334 videantur
721 2294 901 2340 acutiores,
914 2296 1056 2346 fipares
1081 2294 1178 2332 etiam
1198 2310 1332 2332 numero

67 2349 165 2400 fine,
190 2348 391 2387 hauddubie
414 2348 522 2399 magis
546 2349 661 2387 letalia
687 2349 766 2389 mihi
788 2348 941 2399 instigent
960 2348 1122 2393 vulnera,
1145 2347 1238 2385 &ad
1255 2348 1332 2385 illos

78 2401 161 2439 iblus
183 2402 282 2441 citius
301 2402 468 2441 inclinabo
490 2418 531 2441 ac
550 2405 672 2441 cedam.
698 2401 788 2441 Non
803 2403 954 2441 videtur
967 2399 1183 2439 intellexisse
1198 2401 1273 2439 hoc
1295 2401 1333 2438 in

27 2467 31 2470 ’
68 2454 171 2495 loco
186 2455 391 2508 interpres,
407 2455 496 2507 quid
512 2455 554 2494 fit
570 2455 775 2501 ἐνδιδόναι,
804 2455 868 2494 ubi
893 2457 939 2494 de
953 2454 1090 2506 pugnis
1108 2454 1147 2493 δι
1161 2453 1336 2493 certami-

78 2507 192 2550 nibus
204 2507 328 2554 sermo
340 2508 405 2564 est.
419 2507 622 2555 Ἐνὸιὲὂνοιι
639 2508 1091 2601 νίᾀεὶίεειάὶείῑυτῦεζίὶεε,
1112 2521 1210 2560 quae
1229 2507 1333 2549 incli-
