1764 3419
310 238 379 286 IN
412 234 619 287 IOVEM
650 234 1067 286 TRAGOEDUM.
1137 269 1139 273 ι
1218 253 1312 307 '531'

58 334 220 366 aetatem
248 324 398 368 virilem
430 328 602 367 nondum
628 327 835 379 pervenisse
858 327 929 368 rite
956 328 1096 369 censeri
1122 342 1312 382 poterant.-

57 379 273 420 Sententiae
303 381 452 421 nostrae
476 381 683 420 firmandae
713 380 822 420 causa
849 383 998 420 unicum
1024 383 1124 422 hunc
1148 387 1312 436 amplius

0 446 2 448 ’
57 432 325 484 Chrysoflomi
343 435 471 473 locum
495 434 627 473 addam
644 434 787 472 Homil.
802 434 894 474 XIX
910 436 954 473 ad
967 435 1056 488 Pop.
1071 436 1251 477 Antioch.
1273 453 1310 502 p.

59 499 111 524 m.
129 487 222 537 183,
244 500 288 525 2:
313 488 341 525 οἱ
357 487 420 526 υἱοὶ
440 486 509 536 κᾷν
523 483 683 539 εὐγενεῖς
696 481 797 535 ἴασιν,
822 482 890 526 ἕῧσι
914 488 958 526 δὲ
980 489 1131 528 ἀτελεῖς
1149 501 1311 529 πολλους

58 538 130 577 τῶν
144 538 285 578 :Potum
300 539 513 579 sesamam.
532 541 663 578 Alium
677 550 805 579 tamen
819 541 978 589 sensum,
990 555 1103 593 quem
1118 544 1176 581 vir
1187 545 1312 583 erudi-

57 591 217 631 tiffimus
234 593 319 633 huic
332 594 419 633 voci
435 594 679 640 tribuit,dum
692 593 968 633 Callimachum
982 606 1144 644 enarrat,
1157 596 1183 635 fi
1195 597 1313 645 lubet,

60 645 157 684 vide.
180 645 331 685 SoLAN.

112 701 184 737 ead.
195 700 217 737 l.
235 713 249 737 1
262 713 294 738 1.
314 698 414 738 Ἀλλ’
430 697 535 748 ἦμεῒς
548 698 635 751 μὲν)
661 699 763 737 Ἀλλ’
784 698 888 748 ὑμεῖς
899 700 980 749 μέν.
1007 701 1193 742 MARCIL.
1208 702 1312 742 Ἀλλ’

60 748 164 800 ὑμεῖς
173 750 242 801 μὲν
255 752 419 804 πάντες)
433 753 546 804 Apud
557 752 771 791 Homerum
785 754 874 791 &in
891 753 942 792 O.
956 756 1114 793 πάντες,
1137 756 1178 794 ln
1189 759 1313 796 omni-

59 803 131 844 bus
145 805 328 857 impreffis
348 804 532 845 ῗιπαντες.
549 806 705 844 SOLAN.
723 805 880 845 Homer.
897 806 935 845 ll.
955 813 1000 853 Θ,
1020 822 1081 860 99.
1107 808 1163 848 Ex
1183 823 1264 862 quo
1276 808 1315 848 ῦ-

33 894 36 897 .
55 857 141 907 μεῖς
159 858 200 896 &
213 863 357 899 wimer
374 860 485 898 etiam
507 858 734 898 restituimus
755 859 942 907 Luciano3
964 872 1052 898 cum
1073 862 1110 899 in
1132 864 1212 902 eius
1230 864 1313 903 edd.

60 923 109 950 ne
118 912 170 950 Fl.
181 913 331 964 quidem
343 923 513 963 excepta,
524 911 621 951 male
633 910 810 952 ἅπαντες
821 912 1020 965 legeretur,
1034 914 1071 952 &
1084 913 1186 965 ἡμεῖς
1196 917 1312 956 etiam

61 965 99 1003 in
113 965 159 1004 P.
180 966 285 1005 &H.
311 965 457 1005 Rmz.

115 1020 186 1056 ead.
201 1019 224 1058 Ι.
245 1033 258 1057 ι
269 1033 303 1058 2.
326 1023 434 1058 Μετὰ
446 1017 660 1071 παῤ-ῥησίιις
672 1018 766 1072 διε.)
780 1017 900 1059 Conf.
920 1019 1015 1058 infra
1031 1019 1149 1062 Deor.
1162 1020 1314 1064 Concil.

61 1069 130 1111 sub
144 1072 223 1111 init.
242 1072 388 1111 RmTz.

114 1127 187 1164 ead.
203 1125 226 1164 l.
246 1139 260 1163 1
273 1140 304 1179 ς.
327 1126 380 1176 Tc}
395 1125 611 1177 συμφέροντι
624 1123 738 1178 παῤ.)
764 1124 858 1164 Illud
871 1123 924 1175 τῷ
936 1139 984 1165 ex
994 1126 1071 1166 Ox.
1083 1126 1123 1166 &
1135 1127 1176 1166 L.
1188 1127 1314 1169 Codd.

61 1177 129 1227 est,
140 1178 195 1217 uti
212 1179 285 1218 iam
297 1190 406 1218 antea
421 1179 671 1225 cmieceram,
685 1192 756 1230 pro
769 1178 929 1230 vulgato
940 1179 996 1218 τό.
1010 1181 1055 1219 Β.
1072 1194 1105 1219 2.
1120 1182 1161 1219 &
1175 1182 1232 1220 Fr.
1247 1184 1315 1221 ali-

62 1242 120 1270 ter
130 1245 209 1271 rem
223 1233 438 1285 expediunt,
453 1244 587 1284 nempe
603 1234 647 1271 ‘rb
660 1231 837 1283 συμφέρον
858 1247 898 1271 τι
912 1248 956 1272 π.
966 1234 1059 1285 quin
1071 1232 1112 1271 δε
1123 1249 1204 1272 π-
1218 1237 1309 1273 τό-

62 1286 109 1324 Β.
132 1298 165 1324 2.
187 1286 309 1325 habet.
336 1286 521 1339 Reliquae
542 1298 676 1325 omnes
696 1288 739 1324 τὸ
764 1285 981 1338 συμφέροντι
1005 1286 1315 1338 παῤῥησιιιζόμε-

64 1352 132 1380 νος.
153 1339 308 1379 SOLAN.

118 1393 208 1444 Pag.
222 1394 308 1441 246.
317 1394 340 1433 l.
356 1407 369 1432 1
378 1421 386 1431 .
398 1392 504 1445 Τάγε
516 1390 593 1431 ἀντὶ
607 1391 782 1444 mpsim)
795 1392 850 1430 Ex
862 1392 1044 1445 Euripidis
1053 1393 1202 1434 Erecht.
1215 1406 1313 1447 quae

63 1446 186 1485 verba
199 1459 220 1485 a
233 1446 328 1486 Plut.
340 1447 539 1486 laudantur
553 1457 587 1498 p.
600 1446 664 1497 63,
676 1445 711 1484 Π
723 1446 777 1484 ed.
791 1447 889 1485 Han.
905 1447 949 1485 de
963 1445 1117 1485 Adulat.
1131 1447 1172 1486 &
1187 1448 1314 1488 Amici

63 1498 222 1539 discrim.
234 1501 304 1539 Sed
316 1501 352 1539 in
366 1499 584 1552 fragmentis
595 1500 651 1539 ed.
663 1499 827 1538 Barnesii
840 1512 918 1538 non
930 1509 1169 1552 comparent,
1186 1500 1315 1541 saltem

65 1565 110 1592 ut
130 1554 174 1592 ad
198 1567 280 1593 eam
307 1553 473 1592 fabulam
494 1553 727 1604 pertinentia.
742 1553 838 1602 Ἐμοὶ
853 1554 931 1605 γὰρ
945 1552 997 1592 εἴη
1013 1556 1191 1607 πτωχὸς,
1216 1554 1246 1593 εἰ
1268 1555 1314 1594 ἑὲ

65 1607 244 1652 βούλεται
270 1606 440 1661 Πτωχοῦ
461 1606 609 1652 κακίων,
627 1605 735 1645 ’ὅστις
749 1606 794 1645 ἂν
815 1605 935 1645 εὔνους
951 1605 1030 1655 ἐμοὶ
1047 1607 1157 1652 Φόβον
1172 1621 1315 1660 παρελ-

66 1655 141 1702 θών
155 1660 191 1699 τ’
208 1661 284 1701 ἀπὸ
304 1661 460 1711 mpsim
481 1658 558 1712 ἐρεῖ.
582 1658 659 1698 Nifi
672 1659 953 1711 proverbialem
973 1673 1110 1700 vocem
1136 1661 1207 1700 iam
1228 1673 1316 1701 ante

67 1714 285 1766 Euripidem
308 1715 435 1762 malis5
467 1726 490 1752 a
515 1725 590 1766 qua
616 1713 798 1752 sententia
828 1725 907 1752 non
935 1714 1140 1753 admodum
1169 1714 1316 1754 abhor-

66 1781 150 1807 reo.
174 1767 332 1807 SOLAN.

123 1823 198 1859 ibid.
226 1821 318 1861 Ἀπὸ
344 1820 523 1873 κοιρέίας)
546 1820 820 1866 proverbium,
839 1820 884 1859 de
900 1833 980 1873 quo
999 1820 1075 1858 dixi
1097 1821 1143 1859 ad
1163 1820 1317 1862 Petron.

67 1874 242 1914 BOURD.
262 1873 380 1927 Saepe
401 1875 446 1913 ad
467 1875 628 1914 verbum
650 1873 850 1926 respondet
871 1874 1110 1927 Belgicismo.
1136 1873 1318 1926 Exempla

69 1940 119 1967 ex
133 1929 166 1968 Ν
172 1941 238 1967 ov.
253 1926 351 1967 foed.
367 1929 409 1967 δι
420 1928 587 1967 Theocr.
603 1927 681 1966 Eid.
697 1941 766 1977 29,
781 1941 818 1966 v.
835 1942 860 1976 4
871 1958 882 1975 ‚
903 1928 1001 1966 dedit
1016 1928 1128 1966 frater
1144 1928 1234 1968 Gul.
1245 1928 1319 1967 Or-

68 1991 112 2020 to
125 2010 136 2027 ,
156 1982 193 2020 in
206 1982 312 2034 Belg.
325 1981 502 2022 Graeciff.
515 1994 598 2035 pag.
611 1995 700 2034 437.
715 1981 802 2020 Alia
823 1981 868 2020 de
887 1982 1020 2021 eodem
1034 1980 1173 2021 Elsner.
1187 1981 1231 2020 ad
1244 1982 1318 2022 Ev-

70 2035 191 2075 Marc.
205 2035 277 2074 ΧΠ
288 2064 299 2081 ‚
317 2049 375 2087 30.
402 2036 546 2074 REI-[z.

125 2092 197 2128 ead.
213 2090 236 2126 l.
251 2103 287 2140 9.
300 2087 486 2142 (Οπὸταν)
501 2086 617 2128 Conf.
637 2086 745 2140 supra
761 2099 795 2127 c.
815 2101 859 2137 19
870 2087 966 2127 med.
985 2087 1131 2127 REITZ.

125 2149 198 2181 ead.
211 2143 233 2180 l.
251 2155 265 2179 ι
277 2141 672 2194 ς.Τυμπανιζομένους)
683 2142 806 2193 Quod
816 2142 980 2180 damnati
991 2141 1218 2180 ducerentur
1229 2155 1320 2182 cum

71 2195 329 2235 tintinnabulo
342 2197 387 2235 ad
397 2195 631 2247 supplicium.
647 2194 741 2233 Dixi
751 2195 849 2233 alibi.
858 2195 1321 2245 BOURD.Tvs.t.m-aev1§op.e‘-

74 2263 154 2289 νους
167 2250 258 2302 quid
270 2248 326 2296 stt,
347 2262 427 2288 non
442 2249 542 2288 redite
557 2250 667 2287 docet
679 2248 957 2287 Bourdelotius.
975 2248 1075 2287 Vide
1089 2248 1322 2287 Scholiasten

74 2302 271 2356 Aristoph.
294 2316 352 2353 50.
375 2302 531 2342 SOLAN.
559 2302 652 2341 Dixi
670 2302 771 2350 alibi,
793 2302 1078 2341 Bourdelotius.
1099 2301 1176 2340 Ubi
1198 2300 1321 2340 vero?

42 2366 45 2369 “
72 2356 343 2396 Bourdelotius
363 2357 536 2409 egregius
551 2366 844 2401 commentator,
860 2354 1004 2408 semper
1015 2365 1080 2394 aut
1095 2353 1181 2393 alibi
1203 2355 1295 2393 dixit
1307 2383 1320 2403 ‚

74 2421 143 2449 aut
155 2410 241 2449 alibi
255 2410 422 2450 dieturus
437 2410 499 2449 est.
520 2420 573 2448 LA
586 2408 741 2448 CRoziz.

131 2464 220 2514 Pag.
238 2477 325 2511 247.
342 2465 364 2506 l.
379 2478 414 2505 2.
432 2461 555 2517 Οὐδὲ)
579 2462 638 2503 Sic
659 2463 802 2515 optime
814 2460 951 2502 Codex
962 2459 1014 2500 Ο.
1036 2459 1081 2500 In
1099 2460 1252 2514 reliquis
1265 2457 1323 2500 οὗ·

74 2515 154 2557 ἓέν.
181 2517 356 2557 SOLAN.'
976 2565 1033 2605 LI

0 2574 1 2586 ²
1060 2579 1084 2606 2
