1764 3419
0 2570 1 2623 l

0 2632 2 2700 l

267 250 337 295 IN
371 247 585 295 IOVEM
617 243 1045 293 TRAGOEDUM.
1120 277 1123 280 <
1199 259 1282 310 525

23 350 113 379 nam
129 337 232 389 prius
245 337 319 377 effe
334 336 543 389 posteriore
560 336 701 379 maius,
720 335 808 387 quis
828 333 999 385 ignorat?
1019 330 1117 371 Cod.
1138 331 1215 371 Ox.
1241 334 1284 372 δι

25 393 86 431 ed.
108 392 165 429 Fl.
187 391 315 430 silente
338 391 543 430 collatione
565 388 603 427 Ρ.
628 389 837 437 omittunt,
852 387 957 441 quod
981 387 1021 426 &
1041 398 1117 439 ego
1136 385 1286 425 secutus

26 445 121 484 sum.
141 445 288 483 Rmz.

79 499 158 536 ibid.
171 499 238 536 Καὶ
254 497 321 537 τὴν
339 488 530 549 ἷππάέα)
550 495 706 535 Delerat
725 495 820 534 haec
835 494 954 533 verba
968 492 1129 531 Solanus
1142 492 1178 530 in
1193 492 1287 531 Iun-

25 551 102 590 tina
115 580 126 596 ,
149 551 254 603 quod
274 563 356 590 non
377 549 566 590 exstarent
589 551 624 588 in
638 548 690 588 O.
711 561 781 588 nec
804 549 858 586 Fl.
872 548 918 586 Et
933 558 1034 586 certe
1054 545 1211 599 gloss'am
1230 546 1287 585 sa-

27 606 135 656 piunt
148 619 164 651 3¹
179 605 270 656 quia
291 615 416 643 tamen
435 603 595 654 suspicio
613 602 689 647 est,
709 615 754 640 ea
771 603 811 641 ὃ(
832 602 870 640 in
892 602 970 640 aliis
990 599 1114 640 codd.
1130 601 1259 639 haberi
1274 630 1290 646 ,

28 658 167 710 (quod
180 660 224 696 de
237 670 372 696 eorum
385 656 583 697 omiffione
595 656 686 694 nihil
699 665 893 707 praeterea
907 666 1082 693 notatum
1098 654 1288 708 invenio)

27 712 69 751 &
86 711 175 763 quia
189 710 347 751 Gesner.
363 712 400 750 in
416 710 590 749 versione
603 709 779 755 retinuit,
792 709 898 747 nolui
911 709 1099 746 omittere.
1112 707 1259 747 Rmz.

83 765 173 814 Pag.
188 778 274 817 237.
287 766 309 803 l.
328 777 358 803 1.
373 763 623 815 Καθιζὸντων)
639 761 765 814 Quod
789 762 845 800 Fl.
862 761 1017 800 exhibet
1029 792 1040 809 ,
1059 760 1193 800 frustra
1215 761 1291 811 est·‚

27 817 69 857 δι
84 817 359 868 καθιζέσὲῐωσαν
375 818 502 856 saltem
523 816 758 855 scribendum
774 813 905 854 fuiffet.
922 815 1090 854 Atticam
1107 827 1203 854 vero
1220 816 1291 854 im-

28 871 189 925 perativi
214 871 376 911 formam
399 870 473 910 effe
494 870 711 920 καθιζόντων
733 882 805 921 pro
830 868 1080 919 καθιζέτωσαν
1094 898 1105 916 ,
1126 870 1292 909 vidimus

27 937 108 964 non
122 924 244 964 semel.
259 924 375 964 Conf.
399 926 518 964 Zeux.
534 936 568 962 c.
585 936 620 974 5,
635 924 674 962 δι
688 923 850 967 Notaui,
866 922 1112 961 ἐπαινούντων
1133 936 1203 973 pro
1220 922 1291 962 {evr-

29 980 267 1018 αινείτωσαν.
287 979 395 1017 Adde
415 978 582 1029 Alciphr.
599 975 652 1025 11,
670 990 684 1014 1
711 975 737 1015 f.
757 976 844 1013 ἀλλ’
859 974 967 1014 αὗτοὶ
985 976 1052 1026 μὲν
1071 977 1291 1028 χαιρόντων.

29 1032 93 1072 Sic
114 1032 186 1080 ΙΙΙ,
204 1045 252 1084 30
266 1031 291 1070 f.
304 1031 521 1082 φθονούντων
536 1029 580 1069 ἑὲ
594 1029 625 1067 οἱ
641 1029 796 1081 πονηροί·
813 1029 895 1067 ibid.
919 1042 955 1082 p.
974 1043 1068 1082 394,
1088 1030 1291 1070 ποιούντων

32 1086 163 1125 eadem
190 1087 349 1125 ratione.
372 1085 493 1124 Erunt
516 1095 666 1130 tamen,
689 1084 756 1135 qui
781 1083 1002 1129 καθεζὸντων
1026 1083 1179 1130 malint,
1199 1084 1292 1136 quia

31 1140 166 1190 καθίζω
181 1139 235 1178 est
253 1140 390 1186 colloco,
405 1138 607 1189 καθέζομαι
616 1137 727 1188 sedeo.
745 1137 814 1176 Sed
828 1136 918 1175 nihil
932 1149 1031 1189 opus
1043 1136 1115 1175 ess'e
1126 1167 1137 1182 ,
1158 1138 1290 1177 credo.

31 1192 132 1232 Nam
151 1193 190 1232 &
209 1193 260 1232 sic
274 1194 395 1245 Long.
408 1192 502 1230 Past.
516 1191 572 1237 11,
585 1191 650 1244 83,
666 1192 837 1230 Φιλητᾶς
850 1189 1010 1229 καθίσας
1026 1189 1156 1241 ὄρθιον,
1175 1191 1294 1228 Phile-

31 1258 89 1284 tas
99 1246 219 1298 sedens
231 1252 364 1294 ereans,
378 1245 482 1298 quod
497 1258 584 1285 cum
601 1245 743 1297 exponi
757 1241 869 1296 poffit
880 1274 890 1291 ‚
909 1244 1078 1283 collocans
1083 1243 1124 1295 [ὲ
1137 1247 1292 1291 ενεὲἷιιπῑ,

29 1301 143 1340 etiam
159 1301 220 1340 hic
234 1302 282 1339 ita
298 1310 486 1353 exponat,
504 1300 567 1352 qui
583 1298 686 1337 velit.
702 1299 799 1337 Nam
816 1298 856 1336 &
877 1296 928 1336 fic
943 1297 1062 1335 Hom.
1085 1297 1124 1336 11.
1142 1302 1178 1344 Γ,
1192 1298 1293 1343 426,

33 1353 120 1393 ἔνθα
135 1354 251 1405 κάθιζ’
265 1355 402 1401 Ἑλένη,
416 1353 608 1405 ibisedebat
626 1353 763 1390 Helena
774 1381 786 1399 ,
799 1350 939 1407 &illibi
953 1349 1093 1402 paffim.
1107 1350 1253 1389 RmTz.

85 1411 158 1447 ead.
181 1409 205 1446 l.
219 1410 254 1447 6.
276 1409 492 1457 Διανομὲις)
513 1406 679 1446 Subaudi
700 1405 822 1452 ποίει,
841 1407 868 1443 ὢ
884 1402 967 1451 Ζεῦ.
980 1403 1146 1444 GUYET.
1166 1404 1294 1456 Popu-

33 1461 62 1500 li
81 1461 250 1501 Romani
275 1462 542 1501 tumultuantis
560 1459 628 1499 sub
651 1458 948 1512 Imperatoribus
971 1470 1088 1497 voces
1109 1458 1296 1498 concioni

33 1516 150 1555 etiam
165 1515 342 1555 Deorum
355 1516 496 1555 tribuit.
515 1514 674 1554 SOLAN.
758 1507 765 1524 Ἰ

89 1570 168 1609 ibid.
183 1568 259 1608 Ποῦ
273 1572 316 1607 το
332 1568 490 1621 νέκταρ)
503 1569 540 1607 Ν
543 1581 595 1608 οη
606 1566 772 1620 displicet
786 1565 972 1618 scriptura
983 1565 1082 1605 Cod.
1093 1565 1145 1606 O.
1160 1564 1236 1604 τοῦ
1247 1567 1294 1605 τὶ

34 1623 184 1674 νέκταρ,
199 1622 272 1663 ποῦ
286 1626 330 1662 τὸ
352 1624 488 1673 νέκταρ
507 1645 552 1651 -
573 1619 647 1661 ποῦ
663 1620 701 1659 αἱ
720 1618 951 1669 ἑκατόμβας
970 1619 1244 1659 Festinantibus
1256 1632 1299 1658 e-

35 1678 114 1716 nim
130 1707 142 1723 ,
162 1677 204 1716 δ(
220 1677 449 1730 perturbatis
469 1675 654 1715 eiusmodi
675 1674 918 1727 repetitiones
941 1673 1013 1712 ess'e
1034 1675 1208 1726 proprias
1221 1704 1232 1720 ,
1253 1674 1295 1712 in

38 1732 148 1770 omni
162 1731 305 1784 lingua,
327 1742 464 1770 notum
478 1730 654 1769 arbitror.
665 1729 755 1766 Vid.
771 1737 913 1775 tamen,
928 1726 956 1765 si
969 1727 1087 1770 lubet.
1102 1726 1297 1779 Aristoph.

38 1784 137 1825 Plut.
157 1798 171 1822 ι
184 1799 252 1834 14,
277 1781 383 1834 οἶμαι
401 1787 479 1837 ’γᾶς
496 1780 600 1835 οἶμαι
613 1814 626 1830 ,
647 1783 777 1834 ibique
795 1781 994 1833 Spanhem.
1022 1781 1117 1820 Item
1141 1795 1180 1819 v.
1205 1781 1297 1832 643,

37 1839 211 1893 ταχέως,
232 1838 409 1890 ταχέως·
424 1851 496 1877 nec
517 1851 595 1876 non
615 1851 652 1875 v.
668 1835 754 1888 348.
774 1835 832 1874 Sic
848 1837 947 1888 apud
969 1836 1097 1884 LXX,
1119 1835 1238 1874 Exod.
1256 1834 1297 1883 1,

37 1905 78 1945 7,
94 1892 159 1932 neci
174 1894 425 1946 κατίσχυσαν
438 1890 602 1943 σφόἒρα,
615 1905 662 1938 σῳ
670 1889 772 1942 (ispa.
787 1889 929 1928 REITZ.

95 1949 166 1986 ead.
181 1947 203 1985 l.
220 1960 256 1996 7.
271 1948 400 1986 Κοινᾰς
416 1947 490 1985 τὰς
505 1944 657 1996 θυσίας)
673 1944 917 1996 Subintellige
930 1943 1047 1989 ποίει,
1058 1937 1084 1981 (ἶ)
1097 1941 1176 1982 Ζεῦ.
1191 1939 1302 1980 ποιῶ-

37 2013 121 2052 μεν.
141 2000 310 2040 GUYET.

95 2057 168 2094 ead.
182 2055 205 2093 l.
223 2068 237 2093 1
251 2068 281 2092 1.
294 2049 466 2094 Ἑλλήνων
479 2051 676 2104 συνιᾶσιν)
692 2051 816 2104 Quod
828 2050 949 2102 φωνὴν
971 2049 1106 2089 inserat
1118 2048 1168 2089 O.
1183 2047 1305 2101 gloffa

41 2107 108 2148 est.
121 2107 247 2148 Potest
260 2108 360 2147 enim
375 2107 458 2146 satis
470 2120 537 2160 per
549 2106 692 2159 ellipsin
706 2106 884 2157 intelligi,
898 2116 939 2144 ut
953 2105 1030 2142 ἀντὶ
1043 2102 1134 2153 μιᾶς
1145 2102 1210 2156 (sc.
1224 2117 1302 2151 φω-

45 2161 122 2215 νῆς)
133 2163 170 2201 in
181 2162 253 2201 Ev.
265 2162 359 2201 Luc.
370 2161 482 2208 XlV,
495 2160 540 2200 18
551 2191 564 2207 ,
578 2170 758 2199 monente
771 2160 812 2198 L.
822 2160 901 2198 Bos
916 2159 961 2197 de
972 2157 1270 2210 Ellipsi.R1=.1rz.

96 2217 132 2255 in
145 2217 259 2255 schol.
272 2216 337 2255 col.
358 2228 387 2254 1.
402 2216 475 2263 l.4.
488 2219 554 2254 Τὸν
573 2215 668 2267 Δία)
689 2215 809 2266 Atqui
823 2225 902 2252 non
922 2212 1089 2265 luppiter
1109 2212 1224 2257 haec,
1238 2210 1301 2249 sed

42 2269 261 2310 Mercurius
275 2301 286 2318 ,
300 2269 484 2321 loquitur.
501 2268 657 2307 SOLAN.

97 2324 190 2376 Pag.
203 2324 290 2377 238.
305 2324 328 2361 l.
344 2337 376 2361 1.
393 2322 613 2375 Σοφιστῶν)
630 2321 825 2374 Corrupta
843 2320 944 2359 haud
968 2318 1080 2358 dubie
1102 2319 1194 2356 haec
1212 2315 1302 2355 scri-

45 2388 177 2430 ptura:
199 2378 285 2430 quis
299 2377 401 2417 enim
424 2389 592 2428 unquam
608 2375 723 2415 fando
738 2375 853 2415 audiit
868 2386 977 2413 mutos
990 2373 1164 2425 sophistas
1175 2373 1196 2408 ,Ρ
1213 2370 1304 2410 Tri-

46 2441 128 2470 tum
147 2432 182 2470 in
203 2444 248 2470 ea
271 2444 312 2470 re
328 2430 578 2483 proverbium
600 2428 762 2481 postulat
787 2428 938 2481 ἰχθύων,
953 2438 998 2466 ut
1012 2428 1090 2465 ’Am
1105 2439 1188 2477 cap.
1206 2438 1239 2471 1,
1260 2424 1306 2463 δε

48 2484 205 2524 ’Avi-ais.
220 2498 254 2524 c.
271 2485 329 2524 16.
343 2483 414 2524 Sed
427 2484 535 2522 nimis
553 2484 733 2522 abhorret
745 2482 936 2534 scriptura.
955 2479 1308 2531 Manuscriptorum

43 2551 161 2592 opem
187 2538 385 2592 exspeRO,
406 2538 444 2576 in
466 2538 604 2591 quibus
625 2537 716 2576 nihil
734 2537 856 2577 adhuc
878 2534 1037 2575 subsidii.
1061 2533 1176 2572 Silent
1201 2531 1307 2571 enim
