1764 3419
323 218 426 264 IN
491 219 994 267 TOXARIN.
1119 235 1282 284 ¹459

85 307 161 346 ead.
181 307 203 345 I.
223 321 281 360 15.
293 308 484 349 Ὁπλίτας
498 309 649 360 πεζοὺς)
663 310 803 349 Narrat
814 310 980 350 Toxaris
993 311 1281 351 memorabilem

32 357 271 410 Scytharum⁴
283 375 428 402 morem
439 392 454 409 ,
468 363 532 402 ubi
543 364 630 415 quis
644 364 774 402 iniuria
789 375 944 416 accepta
954 392 964 410 ,
988 363 1199 403 ulciscendo
1214 364 1283 403 sibi

31 411 107 461 ipse
123 415 256 466 impar,
269 414 432 454 aliorum
447 417 629 456 auxilium
644 416 842 470 implorat:
869 429 956 456 eum
972 429 1104 468 nempe
1117 445 1127 463 ,
1150 418 1283 459 immo-

32 465 96 503 lati
116 467 226 506 bovis
243 480 355 507 carne
374 470 411 507 in
426 468 541 509 frusta
565 470 681 509 multa
703 469 849 509 diffeEta
870 470 909 509 ὅ(
925 468 1020 509 tosta
1033 500 1043 516 ‚
1066 471 1103 508 in
1123 469 1282 509 extenso

32 529 186 571 tergore
207 521 419 568 considere,
448 522 594 562 reieffls
610 524 648 561 in
670 534 774 575 terga
799 524 997 570 manibus3
1019 522 1281 575 appositarum

31 584 132 611 vero
146 575 319 613 carnium
338 576 553 627 portionem
568 578 789 629 quicunque
803 576 922 616 sumat
933 608 944 625 ,
957 590 1046 616 eum
1061 578 1197 616 dextro
1217 590 1283 629 pe-

29 625 76 663 de
96 627 132 665 in
155 638 282 680 tergus
295 628 494 680 impofito,
507 631 729 681 promittere
742 629 778 668 se
791 643 861 682 pro
875 629 1140 678 facultatibus,
1160 631 1279 669 alium

31 679 202 732 quinque
225 682 372 734 equites
397 681 467 722 suo
490 681 615 723 sumtu
629 697 641 732 3
670 683 783 724 alium
814 684 965 732 decem3
994 683 1106 723 alium
1131 684 1256 734 plures
1268 698 1284 731 ;

32 732 147 772 alium
170 746 266 785 quot
286 734 420 787 poffit‚
438 737 581 788 pedites
604 737 875 790 praebiturum.
903 737 946 775 ln
970 738 1097 776 verbis
1121 736 1284 779 Graecis

32 786 133 826 male
153 788 346 829 coniunfti
359 788 443 828 sunt
457 788 665 829 ὃπλίταιδι
681 790 806 841 πεζοὶ,
830 790 934 843 quasi
948 789 1018 829 sint
1037 790 1171 837 iidem,
1192 804 1282 833 cum

31 837 104 877 fint
129 840 188 879 hic
211 842 340 894 aliquo
368 842 485 882 modo
505 843 652 883 diversi.
676 843 858 883 Ὁπλίται
886 856 1022 896 nempe
1042 843 1127 883 sunt
1148 845 1286 884 milites

31 894 199 943 graviter
211 896 358 942 armati,
369 896 475 946 πεζοὶ
486 910 582 938 vero
594 897 771 937 videntur
786 898 844 937 hic
857 896 952 937 sumi
966 911 1037 950 pro
1047 896 1190 947 ψιλοῖς,
1204 898 1284 937 sive

30 947 126 986 levis
142 960 353 989 armaturae
368 950 570 989 militibus:
596 964 828 1003 quamquam
843 951 883 990 δι
900 951 966 1003 ipsi
989 951 1145 989 ὃπλίται
1161 952 1199 990 &
1215 966 1285 990 πε-

32 999 108 1050 ζοὶ,
133 1001 323 1055 (pedites)
347 1014 473 1042 tamen
497 1003 636 1043 alteros
650 1005 696 1044 ab
717 1005 842 1043 alteris
858 1005 1053 1056 distinguit
1072 1005 1286 1052 Lucianus3

29 1053 202 1107 alioquin
216 1054 537 1108 supervacaneum
553 1057 652 1097 foret
666 1068 790 1097 totum
808 1058 1038 1098 vocabulum
1054 1059 1168 1109 πεζοί.
1185 1059 1284 1097 Mox

29 1119 188 1160 quoque
200 1108 382 1161 sequitur,
394 1109 554 1150 ὃπλίται
564 1110 609 1150 5¹2
619 1111 684 1150 καὶ
694 1112 798 1163 πεζοὶ
810 1112 1074 1163 συναμφότεροι
1086 1111 1284 1162 διο-μύριοι.

29 1159 168 1200 Nullae
177 1162 273 1202 duae
282 1176 341 1203 res
350 1163 445 1203 aliae
453 1163 622 1204 disertius
631 1164 784 1217 poffunt
791 1164 976 1217 distingui,
988 1179 1101 1216 quam
1114 1165 1174 1204 hic
1185 1165 1287 1204 ἐπλί-

30 1229 99 1253 ται
115 1215 155 1255 δι
167 1216 282 1267 πεζοί.
304 1217 364 1257 Sic
383 1216 532 1266 scimus,
552 1220 651 1269 apud
667 1219 819 1258 Latinos
834 1218 943 1270 saepe
958 1219 1091 1258 milites
1112 1219 1286 1270 distingui

25 1270 78 1309 ‚ab
91 1270 294 1321 equitibus,
304 1272 344 1310 δι
354 1281 501 1310 tantum
514 1273 559 1311 de
575 1272 918 1324 peditibusintelligi
930 1286 942 1320 3
953 1273 1129 1324 quamvis
1139 1273 1285 1323 equites

32 1321 152 1374 &ipsi
167 1336 325 1376 quoque
340 1324 410 1364 sint
424 1325 568 1365 milites.
590 1324 653 1365 De
667 1327 742 1365 hoc
757 1325 884 1365 videl.
899 1325 960 1364 Fr.
974 1325 1223 1365 Gronovium
1238 1327 1283 1364 ad

30 1375 129 1418 Livii
142 1377 300 1423 XXV1,
326 1391 381 1430 ¹9·
409 1378 553 1419 Excidit
566 1391 658 1432 ergo
675 1380 736 1419 vel
749 1380 834 1426 καὶ,
859 1379 1044 1418 interduo
1061 1381 1154 1419 haec
1166 1392 1285 1419 voca-

28 1429 134 1475 bula,
147 1431 210 1470 vel
222 1431 237 1469 ὃ
251 1432 310 1479 Σὲ,
329 1444 370 1472 ut
382 1429 512 1481 fuerit,
531 1432 546 1471 ὃ
561 1432 606 1472 δὲ
627 1433 805 1481 ὁπλίτας,
819 1432 889 1472 zise
904 1432 1051 1479 πεζοὺς,
1069 1433 1225 1472 ὁπόσους
1238 1434 1285 1473 ἂν

29 1481 204 1524 savum·
223 1485 285 1524 vel
307 1486 466 1535 denique
485 1498 675 1527 commate
697 1499 844 1526 tantum
869 1486 961 1527 haec
986 1487 1067 1526 duo
1091 1487 1287 1526 vocabula

27 1537 228 1578 dividenda
245 1539 285 1578 &
299 1538 514 1580 &cuvse‘ws
526 1540 693 1593 legenda.
717 1542 816 1580 Mox
833 1540 882 1579 ait
892 1541 1056 1580 Toxaris
1069 1571 1080 1586 ‚
1098 1541 1162 1579 καὶ
1178 1539 1286 1593 ἡθροί-

28 1594 177 1639 σθησαν
192 1589 295 1643 αὐτῷ
313 1592 443 1633 ἱππεῖς
452 1594 519 1644 μὲν
534 1594 629 1644 ἀμφὶ
649 1593 736 1634 τοὺς
749 1599 1103 1646 πεντακισχιλίους,
1124 1594 1287 1635 ὃπλίτοιι

28 1645 113 1685 &c.
126 1645 325 1698 δισμύριοι.
348 1647 536 1700 Interpres
546 1648 702 1688 Latinus
717 1650 830 1688 vertit
841 1648 973 1687 ἱππεῖς
986 1648 1081 1698 ἀμφὶ
1095 1648 1180 1687 τοὺς
1195 1663 1286 1687 πεν-

28 1702 305 1753 τακισχιλίους
323 1702 469 1752 equitum
490 1702 669 1754 quingenta
689 1703 795 1741 millia
805 1718 822 1750 ;
846 1702 956 1754 idque
976 1715 1057 1752 non
1068 1702 1126 1741 hic
1142 1703 1283 1750 modo,

27 1751 90 1800 ‚sed
102 1755 138 1792 δι
157 1756 195 1792 in
210 1754 378 1807 Navigio
392 1754 455 1794 seu
473 1755 587 1796 Votis
601 1770 632 1796 c.
647 1755 693 1794 28
708 1755 771 1796 fin.
785 1756 848 1794 καὶ
860 1759 906 1795 τὸ
919 1754 996 1795 πᾶν
1010 1757 1059 1796 εἰς
1078 1755 1195 1794 πέντε
1212 1770 1286 1804 μυ-

27 1807 165 1858 ριάδας
178 1810 223 1847 τὶ
242 1808 454 1855 ὁπλιτικὶιν,
481 1809 613 1849 ἱππεῖς
626 1809 690 1856 est,
713 1811 809 1860 ἀμφὶ
830 1809 914 1849 τοὺς
928 1811 1285 1863 πεντακισχιλίους,

29 1861 161 1909 stertit,
168 1863 328 1914 postremo
341 1874 412 1903 tota
422 1875 628 1914 armatorum
631 1865 782 1915 fitmma,
791 1864 1035 1917 quinquaginta
1046 1864 1151 1902 millia
1162 1879 1177 1910 ,-
1193 1865 1284 1916 equi-

27 1925 100 1961 tum
120 1927 229 1955 autem
249 1916 373 1955 circiter
384 1917 563 1969 quingenta
584 1918 701 1957 millia.
724 1918 842 1957 Nova
859 1917 1034 1969 profe&0
1051 1918 1208 1956 militiae
1227 1930 1284 1956 ra-

27 1968 87 2017 tio
97 1999 111 2015 ,
129 1969 192 2008 ubi
205 1970 354 2021 equites
368 1971 452 2024 plus
466 1971 595 2011 decern
610 1971 779 2022 partibus
794 1972 981 2024 peditibus
1002 1971 1284 2010 numerofiores

27 2020 124 2069 sunt.
138 2022 319 2063 Ceterum
335 2035 377 2064 ut
389 2024 518 2077 stupor
531 2026 626 2071 eius,
637 2026 702 2077 qui
715 2035 792 2064 tam
805 2024 992 2065 inficetam
1008 2025 1190 2064 terfiffimi
1203 2024 1285 2063 scri-

26 2077 148 2129 ptoris
170 2076 282 2116 nobis
305 2079 552 2118 concinnavit
574 2078 813 2126 versionem,
838 2079 998 2131 amplius
1018 2078 1201 2130 patescat3
1229 2080 1282 2124 is,

25 2131 93 2182 qui
107 2132 144 2170 in
158 2143 373 2172 memorato
385 2132 539 2185 Navigii
552 2132 644 2172 loco
655 2133 998 2184 πεντακισχιλίους
1011 2132 1144 2172 ἱππεῖς
1166 2133 1284 2171 reddit

27 2185 206 2236 quingenta
221 2185 328 2225 millia
338 2184 499 2239 equitum,
517 2187 676 2239 paginae
695 2185 769 2239 seq.
785 2185 860 2226 fine
874 2187 996 2226 verba
1017 2187 1123 2233 haec,
1134 2183 1284 2237 ἵππαρ-

27 2253 100 2291 χον
112 2238 190 2293 γάρ
207 2253 250 2280 σε
263 2238 334 2278 τῶν
347 2241 677 2290 πεντακισχιλίων
689 2240 885 2289 ἀποφανῶ,
899 2241 1025 2286 vertit,
1048 2257 1126 2279 nam
1141 2252 1170 2278 te
1184 2241 1284 2292 quin-

27 2308 91 2346 que
105 2293 250 2332 millibus
267 2294 413 2347 equitum
426 2295 642 2347 praeficiam:
661 2294 761 2334 re&e
775 2294 928 2347 quidem
941 2324 952 2342 ‚
972 2294 1032 2334 sed
1045 2294 1094 2333 ita
1104 2325 1114 2339 ,
1135 2306 1175 2332 ut
1189 2307 1282 2346 pau·

29 2345 179 2386 ciffimis
190 2346 296 2387 lineis
308 2359 394 2388 ante
404 2378 415 2395 ‚
428 2347 465 2387 se
484 2346 691 2399 turpiffime
703 2347 916 2388 dormitasse
926 2379 937 2396 ‚
954 2348 1030 2400 ipse
1043 2347 1146 2399 quasi
1163 2346 1283 2387 confi·

28 2399 193 2440 teatur.1
207 2413 321 2447 nunc,
334 2401 468 2447 lektor³
478 2401 519 2440 δι
531 2400 768 2441 versionibus
784 2412 869 2441 tuto
882 2402 1001 2441 crede.
1014 2401 1116 2444 ltus.
1126 2400 1280 2439 ‘Oetam

25 2454 48 2502 ᾖ
64 2453 215 2508 πεζοὺς)
239 2453 340 2494 Cum
356 2454 519 2494 ὁπλίτας
533 2455 573 2494 8(
588 2455 719 2506 πεζοὺς
733 2468 825 2496 mox
840 2454 1044 2508 distinguat
1056 2486 1067 2505 ,
1088 2455 1147 2495 hic
1167 2455 1279 2495 etiam

23 2506 74 2550 ita
87 2507 259 2563 distingui
272 2522 341 2563 par
354 2519 448 2549 erat.
468 2508 625 2549 SOLAN.
