1764 3419
221 225 289 272 IN
337 220 582 270 LUCIUM
627 218 763 268 SIVE
810 217 1065 268 ASIN‘UM.
1109 275 1113 278 ,
1181 225 1268 284 481

21 310 177 356 constat.¹
192 322 318 349 tamen
329 308 379 348 fic
394 307 526 348 dedisse
541 309 752 348 Lucianum
769 308 946 354 arbitror,
959 309 1001 348 &
1014 308 1153 360 pristini
1166 310 1277 350 inter·

21 377 145 420 pretes
161 366 232 403 iam
246 374 442 403 verterunt
454 391 467 408 ,
486 361 590 414 quasi
602 361 728 401 ἄλλως
738 362 941 414 legeretur,
959 363 1173 411 reddentes,
1191 366 1279 403 nihil

22 433 98 470 ergo
107 418 284 470 proficiens
299 418 443 455 radendo
464 415 536 455 &c.
551 428 638 454 nam
657 414 684 454 s1
698 413 792 453 ἄλλο
810 415 1021 467 exprimere
1040 415 1278 463 studuiss'enr,

24 473 210 511 debebant
222 471 309 508 dare
320 499 331 517 ,
345 482 498 521 expertus
512 481 624 507 autem
635 484 683 507 me
698 469 795 507 aliud
805 469 887 521 quid
895 468 1051 514 clamare,
1073 485 1172 521 quam
1188 473 1280 521 quod

25 526 217 570 volueram,
231 525 306 574 five
327 523 496 570 alienum,
517 522 687 572 infhlitum
711 523 801 574 quid.
824 521 949 561 Potest
970 532 1094 560 tamen
1113 524 1154 562 δι
1178 524 1276 561 ἄλλο

24 577 128 628 quasi
142 576 308 616 adverbii
333 588 440 614 more
460 575 622 626 pofitum
641 576 779 628 accipi,
803 587 845 614 ut
864 574 954 614 illud
973 576 1071 613 aliud
1079 576 1162 628 quid
1179 577 1279 616 idem

4 660 6 662 -
25 629 90 678 stt,
106 642 221 682 arque
238 630 335 668 aliter
349 629 509 674 clamavi,
523 627 597 668 scil.
615 640 730 680 quam
751 628 915 667 solebam
927 659 939 676 ,
955 629 1155 677 volebam3
1172 629 1279 670 ideo·

26 696 102 738 que
115 683 268 723 lectoris
282 683 476 721 arbitrium
495 681 574 720 esto
587 681 745 733 eligendi
764 682 855 734 quid
882 682 997 720 malit.
1021 682 1166 722 Rmz.

80 739 153 776 ead.
168 737 191 776 l.
208 749 221 774 1
233 736 387 777 1.“Oo·‘te
402 735 530 782 ἔστην)
555 733 614 774 Os
628 735 715 774 dicit
727 733 832 774 asmo
846 734 950 774 fuiss'e
965 736 1121 775 vinculo
1143 736 1281 776 occlu0'

27 788 178 837 summe
191 800 354 841 tempus,
366 789 471 841 quod
483 789 569 827 viae
580 789 866 852 impendendum
879 798 974 835 erat,
989 790 1130 841 pabulo
1138 791 1281 842 impen-

26 843 146 891 deret,
158 843 344 882 &tardius
355 842 598 894 procederet:
612 838 713 880 ὥστε
727 839 837 881 ἔστην
851 841 954 887 τότε,
969 843 1033 881 καὶ
1045 844 1175 892 ἔμεινα
1187 846 1280 894 ὄνος,

28 899 159 950 iamque
174 896 345 948 tuncsteti,
363 894 537 947 afinusque
552 896 666 946 mansi.
684 895 900 946 Quomodo
913 894 1011 934 stetit
1022 926 1033 943 ‚
1047 909 1134 935 cum
1153 908 1281 936 ranto-

30 963 123 1004 pere
143 947 387 1002 properaret?
408 949 531 998 Lege,
554 944 654 986 ὥστε
677 947 757 992 ἔβην
772 948 881 996 τίντε,
905 960 975 987 tum
980 950 1034 999 fic
1054 952 1204 989 obturato
1228 966 1281 990 ore

22 1005 250 1057 procedebam.
275 1002 443 1041 GRAEv.
465 998 580 1049 Ὥστε
597 1001 634 1039 ἐς
650 1001 714 1040 τὴν
729 1001 819 1040 τότε
831 1033 842 1049 ,
869 1001 916 1041 sc.
938 999 1088 1053 ἦμέραν,
1104 1005 1283 1044 emenda-

29 1059 95 1096 bat
113 1056 220 1097 Gisb.
235 1056 409 1094 Koen'ad
421 1055 584 1107 Gregor.
605 1055 649 1094 de
665 1053 767 1094 Dial.
787 1069 823 1107 p.
843 1068 907 1108 13,
930 1068 1088 1097 notante
1101 1058 1145 1098 cl.
1167 1058 1213 1098 B.
1234 1058 1282 1098 de

31 1109 124 1151 Ball.
139 1108 351 1148 Veriffime.

84 1165 157 1203 ead,
170 1165 193 1201 l.
205 1176 220 1201 1
229 1176 263 1200 2.
279 1161 521 1212 Καταλύομεν
532 1159 602 1215 εἰς)
614 1161 719 1202 Alias
733 1172 834 1201 amat
845 1162 1048 1203 καταλύειν
1061 1164 1111 1211 ἐν,
1123 1175 1165 1203 ut
1175 1177 1282 1212 mox,

28 1214 71 1256 δι
84 1230 116 1257 c.
131 1217 180 1264 46
193 1246 204 1264 ‚
219 1215 260 1254 &
273 1215 370 1255 alibi.
390 1215 460 1254 Sed
473 1215 575 1254 conf.
591 1217 635 1254 ad
653 1229 686 1254 c.
711 1229 743 1263 ι,
758 1215 809 1254 εἰς
821 1217 874 1253 τὰ
883 1217 1060 1258 “To-rma.
1086 1218 1194 1257 Adde
1206 1219 1282 1257 Ar-

30 1272 128 1319 rian.
144 1269 217 1317 IV,
239 1269 299 1316 16,
315 1283 351 1320 p.
370 1282 443 1319 174
456 1267 480 1307 f.
496 1268 547 1307 εἰς
565 1267 737 1318 φυλακὴν
756 1264 874 1321 εἶχον.
902 1269 1046 1309 ΚΕῙΤΖ.

84 1324 158 1363 ead.
177 1324 202 1362 l.
225 1336 285 1372 15.
312 1321 546 1374 vaoem‘aew)
573 1322 642 1361 Καὶ
669 1322 731 1362 hic
751 1322 870 1361 deeffe
885 1323 1048 1363 videtur.
1070 1323 1139 1363 Καὶ
1153 1338 1281 1363 κατα.-

29 1377 129 1419 mim
143 1377 216 1416 &a
238 1375 374 1414 Placet.
399 1374 565 1415 Gunr.

84 1431 164 1470 ibid.
177 1430 230 1468 Ἐν
247 1427 297 1478 τῇ
313 1428 494 1481 ἐπαύλει)
510 1428 570 1468 Sic
579 1427 768 1476 P.⁴melius
779 1440 892 1481 quam
906 1429 946 1468 in
961 1428 1128 1482 reliquis,
1145 1430 1182 1468 in
1200 1431 1285 1483 qui-

0 1493 1 1501 *
33 1482 105 1524 bus
125 1483 190 1522 ἐπὶ
202 1483 337 1534 legitur
352 1495 422 1535 pro
438 1484 486 1520 ἑν.
512 1482 666 1521 SoLAN.
685 1481 766 1521 Cur
778 1482 841 1521 ἐπὶ
857 1483 979 1522 minus
991 1484 1164 1535 probem,
1179 1485 1286 1524 vide·

31 1538 66 1578 ri
81 1536 204 1591 potest
218 1548 265 1576 ex
279 1536 343 1584 iis,
364 1548 462 1589 quae
480 1536 614 1575 notavi
630 1536 676 1574 ad
687 1536 724 1574 T
727 1549 790 1574 ox.
804 1548 836 1574 c.
858 1548 917 1575 20.
935 1537 1081 1576 Rmz.
1103 1537 1204 1576 Male
1220 1539 1286 1576 ad-

32 1591 113 1631 huc
129 1589 405 1630 defiderabatur
424 1590 462 1628 in
476 1590 557 1628 edd.
570 1590 674 1628 artic.
699 1588 729 1628 οἱ
750 1600 836 1628 ante
849 1590 966 1629 verba
991 1590 1027 1630 ἐν
1043 1590 1092 1639 τῇ
1108 1590 1285 1637 ἐπαύλει,

32 1640 147 1698 quem
163 1643 368 1683 addidimus
386 1655 434 1682 ex
455 1642 539 1682 Mff.
556 1643 677 1695 Regg.
693 1656 807 1694 2954.
827 1642 867 1681 δι
890 1645 1003 1696 2956.
1025 1644 1069 1682 In
1090 1645 1146 1683 ed.
1162 1645 1287 1686 Reitz.

33 1698 171 1739 excidit
182 1696 231 1747 τῆ
245 1695 327 1749 post
346 1696 396 1744 ἓν,
413 1708 616 1747 operarum
630 1708 772 1735 errore.

38 1783 53 1791 -
91 1749 180 1804 Pag.
205 1750 326 1803 15o.l.
342 1764 357 1788 1
368 1763 400 1788 1.
412 1751 469 1788 Τὰ
483 1749 528 1788 se
545 1771 588 1779 -
603 1751 658 1788 τὰ
671 1748 726 1802 δ’)
745 1748 929 1789 Consului
948 1749 1028 1789 edd.
1043 1761 1138 1790 vett.
1150 1750 1219 1790 Sed
1233 1752 1288 1790 ni-

33 1801 87 1846 hil
98 1803 290 1845 varietatis
301 1803 440 1843 inveni.
464 1804 518 1842 At
533 1803 618 1856 quis
627 1815 706 1841 non
724 1804 830 1842 vider
842 1805 1012 1842 mendam
1029 1804 1143 1844 ineffe
1153 1835 1162 1853 ‚
1174 1806 1214 1844 ὅ(
1230 1806 1288 1855 55-

33 1857 94 1898 θοι
114 1854 234 1898 ἐκεῖνα,
249 1856 381 1896 frustra
393 1857 594 1908 repetitum
609 1855 623 1894 ?
637 1856 684 1895 Et
701 1858 785 1908 quis
803 1855 919 1902 ferat,
931 1870 986 1896 ter
999 1856 1091 1908 ῥίιὲσι
1107 1858 1155 1896 fic
1169 1858 1290 1911 repeti

34 1912 190 1956 duobus
205 1909 397 1950 versibus?
419 1910 555 1962 Quare
569 1910 756 1962 posterius
772 1910 863 1949 illud
884 1910 977 1961 §65⁸oe
999 1911 1120 1950 ἐκεῖνα
1139 1925 1287 1963 expun-

33 1979 180 2020 gerem.
199 1964 271 2005 Sed
280 1964 480 2015 repetitum
493 1967 547 2002 τὰ
560 1964 605 2003 Σὲ
617 1976 697 2002 non
710 1976 866 2003 moveo.
879 1965 929 2002 V.
946 1978 980 2003 c.
994 1980 1040 2003 22
1057 1963 1081 2004 f.
1102 1966 1253 2005 Rau-z.

93 2021 166 2059 ead.
178 2019 202 2057 l.
222 2032 280 2070 13.
306 2017 484 2070 Δάφνην),
499 2018 608 2056 Haec
626 2018 754 2056 omnia
772 2029 841 2056 aut
855 2019 993 2057 miseris
1015 2019 1135 2058 modis
1155 2020 1290 2070 {cripta

38 2070 144 2119 sunt,
165 2081 234 2111 aut
247 2084 269 2110 a
281 2071 436 2110 librariis
455 2072 662 2123 inquinata.
684 2070 756 2109 Pro
769 2067 884 2111 αὐτὴν
897 2073 935 2110 in
957 2072 999 2110 L.
1018 2069 1121 2110 αὐτὰ,
1137 2072 1289 2125 legitur.

34 2126 199 2171 SOLAN.
220 2124 283 2164 Est
295 2125 554 2173 rhododendron,
567 2126 694 2170 nerim,
708 2125 955 2177 rhododaphne‚
972 2127 1075 2176 quod
1090 2124 1230 2165 Plinius
1250 2127 1293 2173 6,

0 2208 4 2218 .
37 2193 111 2232 20,
123 2178 149 2218 s.
168 2193 231 2232 33,
245 2176 415 2218 describit
419 2178 652 2229 sempiternum
660 2176 782 2228 fronde
794 2207 804 2225 ,
823 2181 916 2227 rosae
925 2179 1160 2229 βιηὶἰὶειιῶηε,
1181 2181 1292 2218 cauli·

0 2252 6 2280 ς
40 2233 325 2284 ,husfruticoficm
350 2231 526 2280 lumentis,
537 2232 716 2284 caprisque,
729 2232 763 2269 δ’
773 2233 891 2270 ovibus
902 2249 1059 2272 venenum
1074 2235 1125 2280 ell.
1147 2232 1295 2284 Apule-

0 2308 8 2334 μ
42 2285 103 2327 ius
117 2286 143 2325 l.
155 2301 180 2335 4
193 2298 247 2338 pr.
272 2286 355 2324 Hae
366 2286 497 2324 arbores
510 2287 546 2324 in
560 2286 646 2324 lauri
651 2284 776 2336 faciem
787 2287 915 2337 prolixe
922 2287 1081 2337 foliatae,
1097 2289 1239 2339 pariunt
1257 2288 1294 2325 in

37 2334 177 2380 'modum
181 2339 281 2390 floris
293 2339 423 2378 inodori
436 2342 598 2391 porreblos
616 2340 776 2377 caliculos
790 2342 912 2378 modice
921 2341 1119 2392 plmicantes
1128 2370 1138 2385 ,
1151 2355 1233 2392 quos
1246 2359 1293 2369 -

0 2416 12 2441 ἰ.
40 2394 167 2447 ,vulgus
178 2393 342 2431 indoklum
362 2390 464 2431 rosas
477 2391 625 2432 laureas
637 2393 820 2445 appellant,
839 2390 1040 2446 quarumque
1058 2399 1171 2432 cunHo
1185 2393 1298 2445 pecori

0 2469 15 2493 ι.
38 2448 140 2490 ,cibus
157 2446 267 2484 letalis
281 2447 335 2499 est.
360 2445 462 2484 Hinc
474 2445 513 2484 in
532 2445 778 2498 suspicionem
794 2447 903 2494 veni,
923 2459 970 2486 an
985 2447 1083 2486 forte
1094 2447 1296 2499 legendum

0 2521 17 2548 ,n
37 2499 90 2553 git
106 2499 206 2552 apud
217 2498 433 2538 Lucianum
449 2497 686 2551 ῥοὸοὸἀφνην.
707 2499 836 2541 Gesn.

123 2553 268 2594 Lucian.
295 2554 375 2593 Vol.
395 2550 456 2593 VI.
979 2553 1019 2594 H
1035 2552 1058 2591 b
