<?xml version="1.0" encoding="UTF-8"?>
<!DOCTYPE html PUBLIC "-//W3C//DTD XHTML 1.0 Transitional//EN"
    "http://www.w3.org/TR/xhtml1/DTD/xhtml1-transitional.dtd">
<html xmlns="http://www.w3.org/1999/xhtml" xml:lang="en" lang="en">
 <head>
  <title>
</title>
<meta http-equiv="Content-Type" content="text/html;charset=utf-8" />
  <meta name='ocr-system' content='tesseract 3.04.00' />
  <meta name='ocr-capabilities' content='ocr_page ocr_carea ocr_par ocr_line ocrx_word'/>
</head>
<body>
  <div class='ocr_page' id='page_1' title='image "./operagraeceetlat06luciuoft/operagraeceetlat06luciuoft_0012.png"; bbox 0 0 1764 3451; ppageno 0'>
   <div class='ocr_carea' id='block_1_1' title="bbox 376 217 1331 284">
    <p class='ocr_par' dir='ltr' id='par_1_1' title="bbox 376 217 1331 284">
     <span class='ocr_line' id='line_1_1' title="bbox 376 217 1331 284; baseline -0.005 -18"><span class='ocrx_word' id='word_1_1' title='bbox 376 241 408 284; x_wconf 85' lang='lat'>4</span> <span class='ocrx_word' id='word_1_2' title='bbox 684 217 1331 264; x_wconf 85' lang='lat' dir='ltr'>LUCIANI</span> 
     </span>
    </p>
   </div>
   <div class='ocr_carea' id='block_1_2' title="bbox 323 305 1643 540">
    <p class='ocr_par' dir='ltr' id='par_1_2' title="bbox 323 305 1643 540">
     <span class='ocr_line' id='line_1_2' title="bbox 323 305 1641 384; baseline -0.01 -14"><span class='ocrx_word' id='word_1_3' title='bbox 323 335 350 384; x_wconf 84' lang='lat'>3</span> <span class='ocrx_word' id='word_1_4' title='bbox 444 330 580 369; x_wconf 89' lang='grc' dir='ltr'><strong>ΠΟΛ.</strong></span> <span class='ocrx_word' id='word_1_5' title='bbox 603 312 801 367; x_wconf 77' lang='grc' dir='ltr'><em>Ουκοῧν</em></span> <span class='ocrx_word' id='word_1_6' title='bbox 791 334 880 362; x_wconf 78' lang='grc' dir='ltr'>επει</span> <span class='ocrx_word' id='word_1_7' title='bbox 860 307 1011 361; x_wconf 69' lang='grc' dir='ltr'><em>λιᾶου</em></span> <span class='ocrx_word' id='word_1_8' title='bbox 1031 309 1148 360; x_wconf 83' lang='grc' dir='ltr'>τουτο</span> <span class='ocrx_word' id='word_1_9' title='bbox 1169 330 1225 372; x_wconf 80' lang='grc' dir='ltr'>γε</span> <span class='ocrx_word' id='word_1_10' title='bbox 1246 331 1300 365; x_wconf 85' lang='grc' dir='ltr'>ως</span> <span class='ocrx_word' id='word_1_11' title='bbox 1319 305 1485 367; x_wconf 71' lang='grc' dir='ltr'><em>αληθως</em></span> <span class='ocrx_word' id='word_1_12' title='bbox 1502 307 1641 367; x_wconf 52' lang='grc' dir='ltr'><em>ἒποίηέ</em></span> 
     </span>
     <span class='ocr_line' id='line_1_3' title="bbox 344 383 1642 481; baseline -0.007 -38"><span class='ocrx_word' id='word_1_13' title='bbox 344 385 348 388; x_wconf 41' lang='grc'><strong>’</strong></span> <span class='ocrx_word' id='word_1_14' title='bbox 380 415 488 449; x_wconf 89' lang='grc' dir='ltr'><em>σας,</em></span> <span class='ocrx_word' id='word_1_15' title='bbox 511 411 598 443; x_wconf 64' lang='lat' dir='ltr'>oure</span> <span class='ocrx_word' id='word_1_16' title='bbox 605 384 1041 481; x_wconf 67' lang='grc' dir='ltr'><em>παρακολουθήσας,</em></span> <span class='ocrx_word' id='word_1_17' title='bbox 1051 407 1140 436; x_wconf 83' lang='grc' dir='ltr'>ουτε</span> <span class='ocrx_word' id='word_1_18' title='bbox 1161 407 1224 435; x_wconf 89' lang='grc' dir='ltr'>τον</span> <span class='ocrx_word' id='word_1_19' title='bbox 1217 383 1510 470; x_wconf 74' lang='grc' dir='ltr'><em>Σμυρναῖον</em></span> <span class='ocrx_word' id='word_1_20' title='bbox 1499 387 1642 434; x_wconf 71' lang='grc' dir='ltr'><em>εκεῖνον</em></span> 
     </span>
     <span class='ocr_line' id='line_1_4' title="bbox 379 459 1643 540; baseline -0.009 -21"><span class='ocrx_word' id='word_1_21' title='bbox 379 469 576 540; x_wconf 69' lang='grc' dir='ltr'>ἐρομενος,</span> <span class='ocrx_word' id='word_1_22' title='bbox 602 488 713 521; x_wconf 76' lang='grc' dir='ltr'>οστις</span> <span class='ocrx_word' id='word_1_23' title='bbox 736 469 800 522; x_wconf 72' lang='grc' dir='ltr'>ἠν,</span> <span class='ocrx_word' id='word_1_24' title='bbox 825 485 908 512; x_wconf 80' lang='grc' dir='ltr'><em>καν</em></span> <span class='ocrx_word' id='word_1_25' title='bbox 934 472 979 512; x_wconf 87' lang='grc' dir='ltr'>το</span> <span class='ocrx_word' id='word_1_26' title='bbox 1002 460 1148 517; x_wconf 63' lang='grc' dir='ltr'>εἶδος</span> <span class='ocrx_word' id='word_1_27' title='bbox 1122 483 1176 516; x_wconf 87' lang='grc' dir='ltr'>ως</span> <span class='ocrx_word' id='word_1_28' title='bbox 1196 459 1267 511; x_wconf 79' lang='grc' dir='ltr'><em>οἱον</em></span> <span class='ocrx_word' id='word_1_29' title='bbox 1285 482 1329 511; x_wconf 81' lang='grc' dir='ltr'>τε</span> <span class='ocrx_word' id='word_1_30' title='bbox 1354 459 1556 522; x_wconf 69' lang='grc' dir='ltr'><em>υπᾶὃειξον</em></span> <span class='ocrx_word' id='word_1_31' title='bbox 1579 482 1643 509; x_wconf 86' lang='grc' dir='ltr'>τω</span> 
     </span>
    </p>
   </div>
   <div class='ocr_carea' id='block_1_3' title="bbox 381 533 1645 707">
    <p class='ocr_par' dir='ltr' id='par_1_3' title="bbox 381 533 1645 694">
     <span class='ocr_line' id='line_1_5' title="bbox 381 533 1276 613; baseline -0.011 -18"><span class='ocrx_word' id='word_1_32' title='bbox 381 554 528 613; x_wconf 74' lang='grc' dir='ltr'><em>λόγῳ,</em></span> <span class='ocrx_word' id='word_1_33' title='bbox 550 563 678 603; x_wconf 80' lang='grc' dir='ltr'><em>ταχα</em></span> <span class='ocrx_word' id='word_1_34' title='bbox 702 561 791 605; x_wconf 88' lang='grc' dir='ltr'><em>γαο</em></span> <span class='ocrx_word' id='word_1_35' title='bbox 815 533 865 587; x_wconf 65' lang='grc' dir='ltr'>ἂν</span> <span class='ocrx_word' id='word_1_36' title='bbox 886 560 988 587; x_wconf 83' lang='grc' dir='ltr'>ουτω</span> <span class='ocrx_word' id='word_1_37' title='bbox 1010 541 1276 606; x_wconf 75' lang='grc' dir='ltr'><em>γνωρίσαιμι.</em></span> 
     </span>
     <span class='ocr_line' id='line_1_6' title="bbox 454 616 1645 707; baseline -0.007 -30"><span class='ocrx_word' id='word_1_38' title='bbox 454 642 520 678; x_wconf 83' lang='grc' dir='ltr'>ΛΥ</span> <span class='ocrx_word' id='word_1_39' title='bbox 522 642 568 676; x_wconf 99' lang='lat' dir='ltr'><strong>K</strong></span> <span class='ocrx_word' id='word_1_40' title='bbox 599 622 736 694; x_wconf 80' lang='grc' dir='ltr'><em>Ορας</em></span> <span class='ocrx_word' id='word_1_41' title='bbox 765 625 906 682; x_wconf 74' lang='grc' dir='ltr'><em>ἡλίκον</em></span> <span class='ocrx_word' id='word_1_42' title='bbox 934 642 1051 671; x_wconf 84' lang='grc' dir='ltr'>τουτο</span> <span class='ocrx_word' id='word_1_43' title='bbox 1084 641 1264 684; x_wconf 83' lang='grc' dir='ltr'>ντησας,</span> <span class='ocrx_word' id='word_1_44' title='bbox 1290 621 1334 668; x_wconf 82' lang='grc' dir='ltr'>οὐ</span> <span class='ocrx_word' id='word_1_45' title='bbox 1356 640 1477 669; x_wconf 83' lang='grc' dir='ltr'><em>κατα</em></span> <span class='ocrx_word' id='word_1_46' title='bbox 1497 616 1645 707; x_wconf 83' lang='grc' dir='ltr'><em>λογων</em></span> 
     </span>
    </p>
   </div>
   <div class='ocr_carea' id='block_1_4' title="bbox 382 693 1646 863">
    <p class='ocr_par' dir='ltr' id='par_1_4' title="bbox 382 693 1646 844">
     <span class='ocr_line' id='line_1_7' title="bbox 387 693 1646 769; baseline -0.007 -17"><span class='ocrx_word' id='word_1_47' title='bbox 387 699 557 769; x_wconf 68' lang='grc' dir='ltr'><em>δυναμιν</em></span> <span class='ocrx_word' id='word_1_48' title='bbox 572 736 583 754; x_wconf 86' lang='grc'><em>,</em></span> <span class='ocrx_word' id='word_1_49' title='bbox 611 722 687 749; x_wconf 85' lang='grc' dir='ltr'><em>και</em></span> <span class='ocrx_word' id='word_1_50' title='bbox 706 696 916 766; x_wconf 79' lang='grc' dir='ltr'><em>μαλιστα</em></span> <span class='ocrx_word' id='word_1_51' title='bbox 939 717 994 760; x_wconf 80' lang='grc' dir='ltr'>γε</span> <span class='ocrx_word' id='word_1_52' title='bbox 1015 719 1091 746; x_wconf 89' lang='grc' dir='ltr'>των</span> <span class='ocrx_word' id='word_1_53' title='bbox 1113 693 1244 763; x_wconf 75' lang='grc' dir='ltr'><em>ὲμων,</em></span> <span class='ocrx_word' id='word_1_54' title='bbox 1270 695 1514 762; x_wconf 71' lang='grc' dir='ltr'><em>ἐμφανίσαι</em></span> <span class='ocrx_word' id='word_1_55' title='bbox 1540 715 1646 743; x_wconf 84' lang='grc' dir='ltr'>ουτω</span> 
     </span>
     <span class='ocr_line' id='line_1_8' title="bbox 382 762 1644 863; baseline -0.007 -35"><span class='ocrx_word' id='word_1_56' title='bbox 382 778 651 863; x_wconf 63' lang='grc' dir='ltr'><em>θαυμασίαν</em></span> <span class='ocrx_word' id='word_1_57' title='bbox 676 773 833 827; x_wconf 72' lang='grc' dir='ltr'><em>εἰκόνα,</em></span> <span class='ocrx_word' id='word_1_58' title='bbox 861 795 961 842; x_wconf 76' lang='grc' dir='ltr'>προς</span> <span class='ocrx_word' id='word_1_59' title='bbox 986 769 1027 831; x_wconf 71' lang='grc' dir='ltr'>ἣν</span> <span class='ocrx_word' id='word_1_60' title='bbox 1050 770 1199 839; x_wconf 77' lang='grc' dir='ltr'>μολις,</span> <span class='ocrx_word' id='word_1_61' title='bbox 1230 792 1280 820; x_wconf 92' lang='grc' dir='ltr'><em>αν</em></span> <span class='ocrx_word' id='word_1_62' title='bbox 1303 763 1326 829; x_wconf 75' lang='lat'>37</span> <span class='ocrx_word' id='word_1_63' title='bbox 1352 767 1597 828; x_wconf 78' lang='grc' dir='ltr'>Ἀπελλης,</span> <span class='ocrx_word' id='word_1_64' title='bbox 1618 762 1644 829; x_wconf 74' lang='grc' dir='ltr'><em>ἢ</em></span> 
     </span>
    </p>
   </div>
   <div class='ocr_carea' id='block_1_5' title="bbox 379 838 1648 1545">
    <p class='ocr_par' dir='ltr' id='par_1_5' title="bbox 379 838 1644 1063">
     <span class='ocr_line' id='line_1_9' title="bbox 383 838 1641 940; baseline -0.007 -38"><span class='ocrx_word' id='word_1_65' title='bbox 383 844 600 912; x_wconf 71' lang='grc' dir='ltr'>Ζευξις,</span> <span class='ocrx_word' id='word_1_66' title='bbox 579 875 601 910; x_wconf 80' lang='grc' dir='ltr'><em>η</em></span> <span class='ocrx_word' id='word_1_67' title='bbox 627 849 932 940; x_wconf 74' lang='grc' dir='ltr'><em>Παρῥασιος,</em></span> <span class='ocrx_word' id='word_1_68' title='bbox 920 868 1050 898; x_wconf 79' lang='grc' dir='ltr'><em>ικανοι</em></span> <span class='ocrx_word' id='word_1_69' title='bbox 1076 838 1281 907; x_wconf 68' lang='grc' dir='ltr'><em>ἔδοξαν,</em></span> <span class='ocrx_word' id='word_1_70' title='bbox 1260 870 1281 904; x_wconf 87' lang='grc' dir='ltr'><em>η</em></span> <span class='ocrx_word' id='word_1_71' title='bbox 1306 867 1337 896; x_wconf 86' lang='grc' dir='ltr'>ει</span> <span class='ocrx_word' id='word_1_72' title='bbox 1359 870 1421 902; x_wconf 88' lang='grc' dir='ltr'>τις</span> <span class='ocrx_word' id='word_1_73' title='bbox 1442 845 1641 901; x_wconf 72' lang='grc' dir='ltr'><em>Φειὸιας,</em></span> 
     </span>
     <span class='ocr_line' id='line_1_10' title="bbox 381 916 1644 995; baseline -0.006 -17"><span class='ocrx_word' id='word_1_74' title='bbox 381 920 403 987; x_wconf 73' lang='lat'>37</span> <span class='ocrx_word' id='word_1_75' title='bbox 419 922 701 995; x_wconf 75' lang='grc' dir='ltr'><em>Αλκαμένης.</em></span> <span class='ocrx_word' id='word_1_76' title='bbox 723 918 811 988; x_wconf 74' lang='grc' dir='ltr'>ἐγω</span> <span class='ocrx_word' id='word_1_77' title='bbox 827 916 871 974; x_wconf 66' lang='grc' dir='ltr'>δε</span> <span class='ocrx_word' id='word_1_78' title='bbox 887 937 1119 992; x_wconf 72' lang='grc' dir='ltr'><em>λυμανουμ</em></span> <span class='ocrx_word' id='word_1_79' title='bbox 1121 944 1165 972; x_wconf 87' lang='grc' dir='ltr'><em>αι</em></span> <span class='ocrx_word' id='word_1_80' title='bbox 1182 945 1227 973; x_wconf 90' lang='grc' dir='ltr'>το</span> <span class='ocrx_word' id='word_1_81' title='bbox 1245 919 1479 990; x_wconf 73' lang='grc' dir='ltr'><em>αρχέτυπ-ον</em></span> <span class='ocrx_word' id='word_1_82' title='bbox 1497 920 1644 973; x_wconf 62' lang='grc' dir='ltr'><em>ἀσθε-</em></span> 
     </span>
     <span class='ocr_line' id='line_1_11' title="bbox 379 998 736 1063; baseline 0.009 -8"><span class='ocrx_word' id='word_1_83' title='bbox 379 1025 468 1056; x_wconf 80' lang='grc' dir='ltr'><em>νεια</em></span> <span class='ocrx_word' id='word_1_84' title='bbox 489 1026 559 1062; x_wconf 85' lang='grc' dir='ltr'>της</span> <span class='ocrx_word' id='word_1_85' title='bbox 579 998 736 1063; x_wconf 63' lang='grc' dir='ltr'>τέχνης·</span> 
     </span>
    </p>

    <p class='ocr_par' dir='ltr' id='par_1_6' title="bbox 383 1075 1648 1305">
     <span class='ocr_line' id='line_1_12' title="bbox 457 1075 1646 1169; baseline -0.005 -32"><span class='ocrx_word' id='word_1_86' title='bbox 457 1102 585 1137; x_wconf 89' lang='grc' dir='ltr'><strong>ΠΟΛ.</strong></span> <span class='ocrx_word' id='word_1_87' title='bbox 597 1076 788 1169; x_wconf 79' lang='grc' dir='ltr'><strong><em>Ομως,</em></strong></span> <span class='ocrx_word' id='word_1_88' title='bbox 815 1088 846 1132; x_wconf 80' lang='grc' dir='ltr'><em>ὠ</em></span> <span class='ocrx_word' id='word_1_89' title='bbox 874 1082 1054 1136; x_wconf 77' lang='grc' dir='ltr'><em>Λυκινε,</em></span> <span class='ocrx_word' id='word_1_90' title='bbox 1084 1104 1190 1132; x_wconf 76' lang='grc' dir='ltr'><em>ποια</em></span> <span class='ocrx_word' id='word_1_91' title='bbox 1216 1103 1276 1138; x_wconf 90' lang='grc' dir='ltr'>τις</span> <span class='ocrx_word' id='word_1_92' title='bbox 1301 1075 1341 1140; x_wconf 65' lang='grc' dir='ltr'>ἦν</span> <span class='ocrx_word' id='word_1_93' title='bbox 1368 1104 1435 1142; x_wconf 73' lang='grc' dir='ltr'>την</span> <span class='ocrx_word' id='word_1_94' title='bbox 1461 1079 1490 1131; x_wconf 74' lang='grc' dir='ltr'>ὅ·</span> <span class='ocrx_word' id='word_1_95' title='bbox 1525 1103 1576 1140; x_wconf 75' lang='grc' dir='ltr'>ινς</span> <span class='ocrx_word' id='word_1_96' title='bbox 1600 1083 1646 1131; x_wconf 77' lang='grc' dir='ltr'>οὗ</span> 
     </span>
     <span class='ocr_line' id='line_1_13' title="bbox 382 1151 1648 1241; baseline -0.005 -27.971"><span class='ocrx_word' id='word_1_97' title='bbox 382 1184 474 1229; x_wconf 79' lang='grc' dir='ltr'><em>γαρ</em></span> <span class='ocrx_word' id='word_1_98' title='bbox 496 1151 747 1223; x_wconf 47' lang='lat' dir='ltr'>&#39;erma-Coma</span> <span class='ocrx_word' id='word_1_99' title='bbox 767 1182 811 1209; x_wconf 91' lang='grc' dir='ltr'>το</span> <span class='ocrx_word' id='word_1_100' title='bbox 831 1157 1065 1226; x_wconf 73' lang='grc' dir='ltr'><em>τόλμημα,</em></span> <span class='ocrx_word' id='word_1_101' title='bbox 1091 1164 1138 1241; x_wconf 78' lang='grc' dir='ltr'>εἰΝ</span> <span class='ocrx_word' id='word_1_102' title='bbox 1145 1161 1270 1227; x_wconf 65' lang='grc' dir='ltr'>φίλω</span> <span class='ocrx_word' id='word_1_103' title='bbox 1292 1155 1399 1229; x_wconf 74' lang='grc' dir='ltr'><em>ανὸρι</em></span> <span class='ocrx_word' id='word_1_104' title='bbox 1423 1157 1648 1219; x_wconf 67' lang='grc' dir='ltr'><em>ἐπιδείξαις</em></span> 
     </span>
     <span class='ocr_line' id='line_1_14' title="bbox 383 1228 1279 1305; baseline -0.007 -15"><span class='ocrx_word' id='word_1_105' title='bbox 383 1262 451 1299; x_wconf 84' lang='grc' dir='ltr'>την</span> <span class='ocrx_word' id='word_1_106' title='bbox 475 1237 632 1290; x_wconf 62' lang='lat' dir='ltr'>elnam,</span> <span class='ocrx_word' id='word_1_107' title='bbox 653 1259 765 1292; x_wconf 74' lang='grc' dir='ltr'>οτι-ως</span> <span class='ocrx_word' id='word_1_108' title='bbox 785 1257 836 1285; x_wconf 86' lang='grc' dir='ltr'><em>αν</em></span> <span class='ocrx_word' id='word_1_109' title='bbox 856 1257 925 1293; x_wconf 81' lang='grc' dir='ltr'>της</span> <span class='ocrx_word' id='word_1_110' title='bbox 945 1255 1154 1305; x_wconf 71' lang='grc' dir='ltr'><em>γραμμις</em></span> <span class='ocrx_word' id='word_1_111' title='bbox 1174 1228 1279 1295; x_wconf 67' lang='grc' dir='ltr'><em>ἔχει.</em></span> 
     </span>
    </p>

    <p class='ocr_par' dir='ltr' id='par_1_7' title="bbox 385 1316 1648 1545">
     <span class='ocr_line' id='line_1_15' title="bbox 459 1316 1648 1390; baseline -0.007 -17"><span class='ocrx_word' id='word_1_112' title='bbox 459 1337 577 1374; x_wconf 84' lang='grc' dir='ltr'>ΛΥΚ</span> <span class='ocrx_word' id='word_1_113' title='bbox 598 1317 691 1372; x_wconf 82' lang='grc' dir='ltr'><em>Και</em></span> <span class='ocrx_word' id='word_1_114' title='bbox 711 1343 792 1389; x_wconf 69' lang='grc' dir='ltr'>μην</span> <span class='ocrx_word' id='word_1_115' title='bbox 812 1341 874 1369; x_wconf 84' lang='grc' dir='ltr'><em>ασ</em></span> <span class='ocrx_word' id='word_1_116' title='bbox 877 1316 1138 1390; x_wconf 62' lang='grc' dir='ltr'><em>φαλὲστερον</em></span> <span class='ocrx_word' id='word_1_117' title='bbox 1156 1339 1281 1373; x_wconf 89' lang='grc' dir='ltr'><em>αυτος</em></span> <span class='ocrx_word' id='word_1_118' title='bbox 1299 1338 1479 1376; x_wconf 64' lang='lat' dir='ltr'>vomo-etv</span> <span class='ocrx_word' id='word_1_119' title='bbox 1495 1339 1566 1385; x_wconf 78' lang='grc' dir='ltr'>μοι</span> <span class='ocrx_word' id='word_1_120' title='bbox 1582 1316 1648 1367; x_wconf 67' lang='grc' dir='ltr'>ὃσ-</span> 
     </span>
     <span class='ocr_line' id='line_1_16' title="bbox 386 1388 1648 1464; baseline -0.005 -15"><span class='ocrx_word' id='word_1_121' title='bbox 386 1419 449 1449; x_wconf 78' lang='grc' dir='ltr'>κω</span> <span class='ocrx_word' id='word_1_122' title='bbox 461 1435 473 1452; x_wconf 92' lang='grc'>,</span> <span class='ocrx_word' id='word_1_123' title='bbox 488 1420 566 1448; x_wconf 85' lang='grc' dir='ltr'>των</span> <span class='ocrx_word' id='word_1_124' title='bbox 584 1408 793 1446; x_wconf 78' lang='grc' dir='ltr'><em>παλαιων</em></span> <span class='ocrx_word' id='word_1_125' title='bbox 810 1416 923 1451; x_wconf 89' lang='grc' dir='ltr'><em>τινας</em></span> <span class='ocrx_word' id='word_1_126' title='bbox 937 1396 1090 1444; x_wconf 74' lang='grc' dir='ltr'><em>ἒκείνων</em></span> <span class='ocrx_word' id='word_1_127' title='bbox 1109 1415 1305 1456; x_wconf 80' lang='grc' dir='ltr'>τεχνιτων</span> <span class='ocrx_word' id='word_1_128' title='bbox 1320 1388 1648 1464; x_wconf 74' lang='grc' dir='ltr'><em>παρακαλεσας</em></span> 
     </span>
     <span class='ocr_line' id='line_1_17' title="bbox 385 1469 1500 1545; baseline -0.004 -21"><span class='ocrx_word' id='word_1_129' title='bbox 385 1471 454 1524; x_wconf 76' lang='grc' dir='ltr'>ἐπι</span> <span class='ocrx_word' id='word_1_130' title='bbox 479 1497 523 1523; x_wconf 90' lang='grc' dir='ltr'>το</span> <span class='ocrx_word' id='word_1_131' title='bbox 545 1470 679 1545; x_wconf 65' lang='grc' dir='ltr'><em>ἔργον,</em></span> <span class='ocrx_word' id='word_1_132' title='bbox 706 1472 761 1528; x_wconf 75' lang='grc' dir='ltr'>ὡς</span> <span class='ocrx_word' id='word_1_133' title='bbox 785 1469 1092 1522; x_wconf 73' lang='grc' dir='ltr'><em>αναπλασειαν</em></span> <span class='ocrx_word' id='word_1_134' title='bbox 1112 1492 1185 1537; x_wconf 77' lang='grc' dir='ltr'>μοι</span> <span class='ocrx_word' id='word_1_135' title='bbox 1203 1493 1272 1529; x_wconf 82' lang='grc' dir='ltr'>την</span> <span class='ocrx_word' id='word_1_136' title='bbox 1294 1491 1500 1533; x_wconf 85' lang='grc' dir='ltr'><em>γυναικα.</em></span> 
     </span>
    </p>
   </div>
   <div class='ocr_carea' id='block_1_6' title="bbox 427 1562 1453 1611">
    <p class='ocr_par' dir='ltr' id='par_1_8' title="bbox 427 1562 1453 1611">
     <span class='ocr_line' id='line_1_18' title="bbox 427 1562 1453 1611; baseline -0.002 -11"><span class='ocrx_word' id='word_1_137' title='bbox 427 1580 448 1610; x_wconf 89' lang='grc'><strong>7</strong></span> <span class='ocrx_word' id='word_1_138' title='bbox 462 1567 643 1611; x_wconf 72' lang='grc' dir='ltr'>Απελλῗῖς)</span> <span class='ocrx_word' id='word_1_139' title='bbox 662 1565 843 1609; x_wconf 72' lang='grc' dir='ltr'>Ζωγράφων</span> <span class='ocrx_word' id='word_1_140' title='bbox 866 1562 1006 1606; x_wconf 74' lang='grc' dir='ltr'><em>ἷνοματα</em></span> <span class='ocrx_word' id='word_1_141' title='bbox 1025 1566 1164 1599; x_wconf 71' lang='grc' dir='ltr'><em>παλαιων</em></span> <span class='ocrx_word' id='word_1_142' title='bbox 1185 1577 1240 1598; x_wconf 66' lang='grc' dir='ltr'>και</span> <span class='ocrx_word' id='word_1_143' title='bbox 1259 1578 1290 1596; x_wconf 65' lang='grc' dir='ltr'>σε</span> <span class='ocrx_word' id='word_1_144' title='bbox 1280 1577 1382 1605; x_wconf 64' lang='grc' dir='ltr'><em>εμνιυιν</em></span> <span class='ocrx_word' id='word_1_145' title='bbox 1407 1564 1453 1598; x_wconf 85' lang='lat' dir='ltr'>G-</span> 
     </span>
    </p>
   </div>
   <div class='ocr_carea' id='block_1_7' title="bbox 379 1642 1650 2570">
    <p class='ocr_par' dir='ltr' id='par_1_9' title="bbox 380 1642 1649 1886">
     <span class='ocr_line' id='line_1_19' title="bbox 436 1642 1649 1698; baseline -0.002 -14"><span class='ocrx_word' id='word_1_146' title='bbox 436 1647 517 1686; x_wconf 86' lang='lat' dir='ltr'>Pol.</span> <span class='ocrx_word' id='word_1_147' title='bbox 541 1644 872 1698; x_wconf 80' lang='lat' dir='ltr'>Quandoquidem</span> <span class='ocrx_word' id='word_1_148' title='bbox 896 1644 1014 1697; x_wconf 85' lang='lat' dir='ltr'>igitur</span> <span class='ocrx_word' id='word_1_149' title='bbox 1040 1643 1119 1683; x_wconf 89' lang='lat' dir='ltr'>hoc</span> <span class='ocrx_word' id='word_1_150' title='bbox 1141 1656 1233 1683; x_wconf 87' lang='lat' dir='ltr'>vere</span> <span class='ocrx_word' id='word_1_151' title='bbox 1259 1657 1330 1697; x_wconf 82' lang='lat' dir='ltr'>pro</span> <span class='ocrx_word' id='word_1_152' title='bbox 1353 1643 1479 1697; x_wconf 83' lang='lat' dir='ltr'>lapide</span> <span class='ocrx_word' id='word_1_153' title='bbox 1500 1642 1618 1684; x_wconf 80' lang='lat' dir='ltr'>fecisti</span> <span class='ocrx_word' id='word_1_154' title='bbox 1634 1671 1649 1692; x_wconf 92' lang='lat'>‚</span> 
     </span>
     <span class='ocr_line' id='line_1_20' title="bbox 380 1704 1646 1760; baseline -0.002 -14"><span class='ocrx_word' id='word_1_155' title='bbox 380 1707 449 1760; x_wconf 87' lang='lat' dir='ltr'>qui</span> <span class='ocrx_word' id='word_1_156' title='bbox 479 1719 604 1760; x_wconf 89' lang='lat' dir='ltr'>neque</span> <span class='ocrx_word' id='word_1_157' title='bbox 635 1705 786 1746; x_wconf 87' lang='lat' dir='ltr'>secutus</span> <span class='ocrx_word' id='word_1_158' title='bbox 812 1704 883 1752; x_wconf 82' lang='lat' dir='ltr'>fis,</span> <span class='ocrx_word' id='word_1_159' title='bbox 909 1717 1036 1758; x_wconf 91' lang='lat' dir='ltr'>neque</span> <span class='ocrx_word' id='word_1_160' title='bbox 1060 1704 1359 1756; x_wconf 84' lang='lat' dir='ltr'>interrogaveris</span> <span class='ocrx_word' id='word_1_161' title='bbox 1387 1705 1646 1756; x_wconf 83' lang='lat' dir='ltr'>Smyrnaeum</span> 
     </span>
     <span class='ocr_line' id='line_1_21' title="bbox 381 1765 1649 1821; baseline -0.002 -13"><span class='ocrx_word' id='word_1_162' title='bbox 381 1769 512 1817; x_wconf 90' lang='lat' dir='ltr'>illum,</span> <span class='ocrx_word' id='word_1_163' title='bbox 537 1781 729 1821; x_wconf 84' lang='lat' dir='ltr'>quaenam</span> <span class='ocrx_word' id='word_1_164' title='bbox 751 1766 862 1807; x_wconf 85' lang='lat' dir='ltr'>effet:</span> <span class='ocrx_word' id='word_1_165' title='bbox 891 1777 993 1806; x_wconf 88' lang='lat' dir='ltr'>certe</span> <span class='ocrx_word' id='word_1_166' title='bbox 1015 1765 1182 1806; x_wconf 84' lang='lat' dir='ltr'>formam</span> <span class='ocrx_word' id='word_1_167' title='bbox 1210 1766 1331 1815; x_wconf 89' lang='lat' dir='ltr'>illius,</span> <span class='ocrx_word' id='word_1_168' title='bbox 1353 1777 1542 1820; x_wconf 89' lang='lat' dir='ltr'>quantum</span> <span class='ocrx_word' id='word_1_169' title='bbox 1561 1767 1649 1807; x_wconf 83' lang='lat' dir='ltr'>eius</span> 
     </span>
     <span class='ocr_line' id='line_1_22' title="bbox 381 1829 1647 1886; baseline -0.002 -15"><span class='ocrx_word' id='word_1_170' title='bbox 381 1831 465 1872; x_wconf 84' lang='lat' dir='ltr'>fieri</span> <span class='ocrx_word' id='word_1_171' title='bbox 479 1831 625 1886; x_wconf 91' lang='lat' dir='ltr'>potest,</span> <span class='ocrx_word' id='word_1_172' title='bbox 639 1831 814 1871; x_wconf 83' lang='lat' dir='ltr'>sermone</span> <span class='ocrx_word' id='word_1_173' title='bbox 828 1829 993 1870; x_wconf 85' lang='lat' dir='ltr'>ostende.</span> <span class='ocrx_word' id='word_1_174' title='bbox 1009 1830 1126 1870; x_wconf 85' lang='lat' dir='ltr'>Forte</span> <span class='ocrx_word' id='word_1_175' title='bbox 1141 1830 1241 1870; x_wconf 88' lang='lat' dir='ltr'>enim</span> <span class='ocrx_word' id='word_1_176' title='bbox 1259 1829 1309 1870; x_wconf 82' lang='lat' dir='ltr'>fic</span> <span class='ocrx_word' id='word_1_177' title='bbox 1328 1843 1412 1870; x_wconf 91' lang='lat' dir='ltr'>eam</span> <span class='ocrx_word' id='word_1_178' title='bbox 1432 1842 1647 1882; x_wconf 78' lang='lat' dir='ltr'>agnovero.</span> 
     </span>
    </p>

    <p class='ocr_par' dir='ltr' id='par_1_10' title="bbox 381 1891 1650 2196">
     <span class='ocr_line' id='line_1_23' title="bbox 435 1891 1650 1947; baseline -0.003 -12"><span class='ocrx_word' id='word_1_179' title='bbox 435 1897 525 1947; x_wconf 86' lang='lat' dir='ltr'>Lyc.</span> <span class='ocrx_word' id='word_1_180' title='bbox 538 1895 683 1943; x_wconf 87' lang='lat' dir='ltr'>Vides,</span> <span class='ocrx_word' id='word_1_181' title='bbox 705 1905 891 1947; x_wconf 85' lang='lat' dir='ltr'>quantum</span> <span class='ocrx_word' id='word_1_182' title='bbox 904 1893 948 1932; x_wconf 85' lang='lat' dir='ltr'>fit</span> <span class='ocrx_word' id='word_1_183' title='bbox 960 1922 973 1940; x_wconf 92' lang='lat'>,</span> <span class='ocrx_word' id='word_1_184' title='bbox 994 1893 1100 1946; x_wconf 88' lang='lat' dir='ltr'>quod</span> <span class='ocrx_word' id='word_1_185' title='bbox 1119 1891 1272 1945; x_wconf 87' lang='lat' dir='ltr'>petiisti:</span> <span class='ocrx_word' id='word_1_186' title='bbox 1292 1905 1371 1932; x_wconf 90' lang='lat' dir='ltr'>non</span> <span class='ocrx_word' id='word_1_187' title='bbox 1386 1892 1440 1932; x_wconf 88' lang='lat' dir='ltr'>est</span> <span class='ocrx_word' id='word_1_188' title='bbox 1457 1891 1650 1932; x_wconf 80' lang='lat' dir='ltr'>facultatis</span> 
     </span>
     <span class='ocr_line' id='line_1_24' title="bbox 381 1955 1649 2010; baseline -0.002 -14"><span class='ocrx_word' id='word_1_189' title='bbox 381 1957 551 2003; x_wconf 86' lang='lat' dir='ltr'>dicendi,</span> <span class='ocrx_word' id='word_1_190' title='bbox 574 1969 681 1997; x_wconf 87' lang='lat' dir='ltr'>meae</span> <span class='ocrx_word' id='word_1_191' title='bbox 699 1955 940 2010; x_wconf 87' lang='lat' dir='ltr'>praesertim,</span> <span class='ocrx_word' id='word_1_192' title='bbox 959 1955 1151 1995; x_wconf 80' lang='lat' dir='ltr'>declarare</span> <span class='ocrx_word' id='word_1_193' title='bbox 1165 1955 1423 1995; x_wconf 81' lang='lat' dir='ltr'>admirabilem</span> <span class='ocrx_word' id='word_1_194' title='bbox 1441 1956 1537 1995; x_wconf 92' lang='lat' dir='ltr'>adeo</span> <span class='ocrx_word' id='word_1_195' title='bbox 1552 1955 1649 1994; x_wconf 87' lang='lat' dir='ltr'>ima·</span> 
     </span>
     <span class='ocr_line' id='line_1_25' title="bbox 382 2017 1646 2073; baseline -0.001 -15"><span class='ocrx_word' id='word_1_196' title='bbox 382 2021 531 2072; x_wconf 84' lang='lat' dir='ltr'>ginem‚</span> <span class='ocrx_word' id='word_1_197' title='bbox 553 2021 615 2061; x_wconf 92' lang='lat' dir='ltr'>cui</span> <span class='ocrx_word' id='word_1_198' title='bbox 637 2020 707 2060; x_wconf 87' lang='lat' dir='ltr'>vix</span> <span class='ocrx_word' id='word_1_199' title='bbox 729 2019 908 2073; x_wconf 88' lang='lat' dir='ltr'>Apelles,</span> <span class='ocrx_word' id='word_1_200' title='bbox 930 2028 998 2058; x_wconf 85' lang='lat' dir='ltr'>aut</span> <span class='ocrx_word' id='word_1_201' title='bbox 1013 2019 1180 2067; x_wconf 86' lang='lat' dir='ltr'>Zeuxis,</span> <span class='ocrx_word' id='word_1_202' title='bbox 1208 2031 1276 2059; x_wconf 89' lang='lat' dir='ltr'>aut</span> <span class='ocrx_word' id='word_1_203' title='bbox 1301 2017 1542 2065; x_wconf 85' lang='lat' dir='ltr'>Parrhafius,</span> <span class='ocrx_word' id='word_1_204' title='bbox 1568 2017 1646 2070; x_wconf 82' lang='lat' dir='ltr'>apti</span> 
     </span>
     <span class='ocr_line' id='line_1_26' title="bbox 382 2079 1648 2134; baseline -0.001 -15"><span class='ocrx_word' id='word_1_205' title='bbox 382 2081 613 2128; x_wconf 87' lang='lat' dir='ltr'>videantur,</span> <span class='ocrx_word' id='word_1_206' title='bbox 648 2092 713 2121; x_wconf 91' lang='lat' dir='ltr'>aut</span> <span class='ocrx_word' id='word_1_207' title='bbox 736 2080 764 2120; x_wconf 91' lang='lat' dir='ltr'>s1</span> <span class='ocrx_word' id='word_1_208' title='bbox 792 2080 877 2134; x_wconf 88' lang='lat' dir='ltr'>quis</span> <span class='ocrx_word' id='word_1_209' title='bbox 903 2079 1052 2120; x_wconf 82' lang='lat' dir='ltr'>Phidias</span> <span class='ocrx_word' id='word_1_210' title='bbox 1076 2081 1140 2121; x_wconf 89' lang='lat' dir='ltr'>vel</span> <span class='ocrx_word' id='word_1_211' title='bbox 1163 2080 1404 2121; x_wconf 87' lang='lat' dir='ltr'>Alcamenes.</span> <span class='ocrx_word' id='word_1_212' title='bbox 1441 2079 1526 2132; x_wconf 85' lang='lat' dir='ltr'>Ego</span> <span class='ocrx_word' id='word_1_213' title='bbox 1548 2090 1648 2119; x_wconf 85' lang='lat' dir='ltr'>vero</span> 
     </span>
     <span class='ocr_line' id='line_1_27' title="bbox 381 2142 1237 2196; baseline 0 -14"><span class='ocrx_word' id='word_1_214' title='bbox 381 2155 595 2195; x_wconf 82' lang='lat' dir='ltr'>corrupero</span> <span class='ocrx_word' id='word_1_215' title='bbox 616 2143 836 2196; x_wconf 89' lang='lat' dir='ltr'>exemplum</span> <span class='ocrx_word' id='word_1_216' title='bbox 858 2142 948 2182; x_wconf 85' lang='lat' dir='ltr'>artis</span> <span class='ocrx_word' id='word_1_217' title='bbox 966 2143 1237 2183; x_wconf 84' lang='lat' dir='ltr'>imbecillitate.</span> 
     </span>
    </p>

    <p class='ocr_par' dir='ltr' id='par_1_11' title="bbox 379 2203 1650 2382">
     <span class='ocr_line' id='line_1_28' title="bbox 436 2203 1647 2259; baseline 0 -16"><span class='ocrx_word' id='word_1_218' title='bbox 436 2207 515 2244; x_wconf 87' lang='lat' dir='ltr'>Pol.</span> <span class='ocrx_word' id='word_1_219' title='bbox 527 2205 677 2245; x_wconf 86' lang='lat' dir='ltr'>Tamen</span> <span class='ocrx_word' id='word_1_220' title='bbox 690 2236 702 2254; x_wconf 89' lang='lat'>‚</span> <span class='ocrx_word' id='word_1_221' title='bbox 718 2206 886 2257; x_wconf 87' lang='lat' dir='ltr'>Lycine,</span> <span class='ocrx_word' id='word_1_222' title='bbox 912 2205 1035 2258; x_wconf 84' lang='lat' dir='ltr'>qualis</span> <span class='ocrx_word' id='word_1_223' title='bbox 1056 2217 1136 2245; x_wconf 89' lang='lat' dir='ltr'>erat</span> <span class='ocrx_word' id='word_1_224' title='bbox 1155 2204 1304 2259; x_wconf 87' lang='lat' dir='ltr'>specie?</span> <span class='ocrx_word' id='word_1_225' title='bbox 1317 2204 1455 2257; x_wconf 89' lang='lat' dir='ltr'>Neque</span> <span class='ocrx_word' id='word_1_226' title='bbox 1469 2203 1571 2244; x_wconf 89' lang='lat' dir='ltr'>enim</span> <span class='ocrx_word' id='word_1_227' title='bbox 1582 2216 1647 2257; x_wconf 86' lang='lat' dir='ltr'>pe·</span> 
     </span>
     <span class='ocr_line' id='line_1_29' title="bbox 380 2266 1650 2319; baseline -0.001 -13"><span class='ocrx_word' id='word_1_228' title='bbox 380 2266 575 2307; x_wconf 77' lang='lat' dir='ltr'>riculosus</span> <span class='ocrx_word' id='word_1_229' title='bbox 596 2267 657 2307; x_wconf 89' lang='lat' dir='ltr'>ille</span> <span class='ocrx_word' id='word_1_230' title='bbox 680 2278 868 2314; x_wconf 85' lang='lat' dir='ltr'>conatus,</span> <span class='ocrx_word' id='word_1_231' title='bbox 890 2266 918 2306; x_wconf 85' lang='lat' dir='ltr'>sl</span> <span class='ocrx_word' id='word_1_232' title='bbox 948 2268 1038 2307; x_wconf 89' lang='lat' dir='ltr'>viro</span> <span class='ocrx_word' id='word_1_233' title='bbox 1059 2267 1185 2308; x_wconf 86' lang='lat' dir='ltr'>amico</span> <span class='ocrx_word' id='word_1_234' title='bbox 1211 2267 1385 2307; x_wconf 84' lang='lat' dir='ltr'>ostendas</span> <span class='ocrx_word' id='word_1_235' title='bbox 1415 2266 1650 2319; x_wconf 85' lang='lat' dir='ltr'>imaginem,</span> 
     </span>
     <span class='ocr_line' id='line_1_30' title="bbox 379 2329 1140 2382; baseline 0 -14"><span class='ocrx_word' id='word_1_236' title='bbox 379 2329 738 2382; x_wconf 85' lang='lat' dir='ltr'>quomodocunque</span> <span class='ocrx_word' id='word_1_237' title='bbox 757 2330 880 2369; x_wconf 87' lang='lat' dir='ltr'>lineae</span> <span class='ocrx_word' id='word_1_238' title='bbox 905 2329 942 2368; x_wconf 89' lang='lat' dir='ltr'>se</span> <span class='ocrx_word' id='word_1_239' title='bbox 965 2329 1140 2368; x_wconf 84' lang='lat' dir='ltr'>habeant.</span> 
     </span>
    </p>

    <p class='ocr_par' dir='ltr' id='par_1_12' title="bbox 380 2388 1647 2570">
     <span class='ocr_line' id='line_1_31' title="bbox 435 2388 1647 2444; baseline -0.002 -14"><span class='ocrx_word' id='word_1_240' title='bbox 435 2392 524 2444; x_wconf 89' lang='lat' dir='ltr'>Lyc.</span> <span class='ocrx_word' id='word_1_241' title='bbox 549 2391 665 2443; x_wconf 85' lang='lat' dir='ltr'>Quin</span> <span class='ocrx_word' id='word_1_242' title='bbox 691 2392 808 2431; x_wconf 87' lang='lat' dir='ltr'>tutius</span> <span class='ocrx_word' id='word_1_243' title='bbox 836 2391 928 2430; x_wconf 87' lang='lat' dir='ltr'>mihi</span> <span class='ocrx_word' id='word_1_244' title='bbox 959 2390 1128 2431; x_wconf 60' lang='lat' dir='ltr'>iacintus</span> <span class='ocrx_word' id='word_1_245' title='bbox 1154 2391 1315 2439; x_wconf 86' lang='lat' dir='ltr'>videor,</span> <span class='ocrx_word' id='word_1_246' title='bbox 1343 2390 1371 2429; x_wconf 81' lang='lat' dir='ltr'>fi</span> <span class='ocrx_word' id='word_1_247' title='bbox 1397 2400 1575 2429; x_wconf 87' lang='lat' dir='ltr'>veterum</span> <span class='ocrx_word' id='word_1_248' title='bbox 1598 2388 1647 2427; x_wconf 90' lang='lat' dir='ltr'>il·</span> 
     </span>
     <span class='ocr_line' id='line_1_32' title="bbox 380 2452 1646 2508; baseline -0.002 -15"><span class='ocrx_word' id='word_1_249' title='bbox 380 2453 508 2493; x_wconf 86' lang='lat' dir='ltr'>lorum</span> <span class='ocrx_word' id='word_1_250' title='bbox 535 2453 722 2494; x_wconf 81' lang='lat' dir='ltr'>artificum</span> <span class='ocrx_word' id='word_1_251' title='bbox 745 2453 927 2508; x_wconf 84' lang='lat' dir='ltr'>quosdam</span> <span class='ocrx_word' id='word_1_252' title='bbox 950 2455 996 2494; x_wconf 83' lang='lat' dir='ltr'>ad</span> <span class='ocrx_word' id='word_1_253' title='bbox 1017 2467 1116 2508; x_wconf 86' lang='lat' dir='ltr'>opus</span> <span class='ocrx_word' id='word_1_254' title='bbox 1134 2455 1341 2504; x_wconf 76' lang='lat' dir='ltr'>advocem,</span> <span class='ocrx_word' id='word_1_255' title='bbox 1367 2453 1424 2493; x_wconf 87' lang='lat' dir='ltr'>uti</span> <span class='ocrx_word' id='word_1_256' title='bbox 1448 2452 1646 2492; x_wconf 86' lang='lat' dir='ltr'>mulierem</span> 
     </span>
     <span class='ocr_line' id='line_1_33' title="bbox 380 2515 691 2570; baseline 0.006 -15"><span class='ocrx_word' id='word_1_257' title='bbox 380 2516 473 2555; x_wconf 87' lang='lat' dir='ltr'>mihi</span> <span class='ocrx_word' id='word_1_258' title='bbox 500 2515 691 2570; x_wconf 82' lang='lat' dir='ltr'>effingam.</span> 
     </span>
    </p>
   </div>
  </div>
 </body>
</html>
