1764 3419
247 249 318 295 IN
354 245 653 295 §OMNIUM
689 243 803 293 SEU
839 216 1130 295 Gumm-
1225 264 1314 316 577

9 346 13 351 ’
49 350 89 378 c.
105 350 142 385 2,
155 338 425 385 habemus,ml
438 338 580 388 κέρατι
592 337 746 387 φύουσιν
763 331 954 376 ἀλλήλοις·
975 337 1100 388 deque
1115 337 1169 377 his
1188 338 1316 393 sophi.

55 391 152 431 sticis
173 392 565 444 argumentationibus
579 392 704 430 aetum
725 390 810 428 ibid.
829 390 866 428 in
886 399 984 429 nott.
1003 390 1195 442 Cognati,
1210 395 1316 434 Vor-

56 443 140 491 flii,
162 457 204 484 ac
220 445 352 484 Solani
368 443 495 482 nostri.
514 444 654 482 REITz.

38 543 45 545 ⁴
109 501 181 536 ead.
197 499 221 536 l.
240 498 275 537 6.
291 497 477 548 Συνείρει)
501 496 651 546 Σύνειρε.
674 495 843 536 GUYET.
866 495 957 535 Non
982 496 1264 549 improbarem,
1286 499 1316 539 fi

54 550 183 604 plures
199 550 320 590 Cedd.
336 552 572 596 addicerent3
592 551 677 589 licet
696 549 780 588 satis
797 550 1015 601 frequenter
1035 551 1119 589 alibi
1133 551 1176 589 stt
1199 555 1317 592 moni-

55 613 140 642 tum
151 634 162 651 ,
177 616 256 643 non
272 616 372 654 opus
390 603 463 642 effe
476 602 620 655 semper
633 603 767 642 similia
784 615 956 654 tempora
972 604 1158 643 conneffl.
1172 605 1315 645 Rmz.

108 658 181 696 ead.
202 659 225 696 l.
248 669 305 694 11.
323 656 483 708 Ἄκουε)
509 656 776 705 Scribendum,
797 659 907 695 οικουε
931 657 975 695 δὲ
997 656 1066 697 Mn
1084 658 1148 696 καὶ
1170 662 1215 697 το
1239 660 1318 699 ἑνίκ-

53 725 167 750 πνιον.
182 709 244 749 Sic
258 708 327 748 Ms.
345 709 518 749 GRAEV.
786 756 795 761 ᾖ

110 764 192 802 ibid.
206 763 282 815 Δὴ)
297 763 414 802 Conf.
434 763 545 814 supra
562 762 644 802 lov.
660 761 774 802 Conf.
790 775 824 802 c.
843 776 883 813 51
903 776 957 814 pr.
973 763 1130 804 SOLAN.

109 817 475 868 ead.l.17.’A÷‘voeov)
492 816 578 854 Sine
597 816 712 855 dubio
726 815 852 855 Solan.
871 817 1080 868 quaesivit,
1103 831 1194 857 num
1218 831 1317 871 quae

55 869 207 909 ἀέννοιον
223 869 387 908 haberet.
408 869 463 909 Ita
481 870 581 907 enim
596 870 820 922 plerumque
834 870 1014 909 scribitur.
1029 871 1197 923 Ideoque
1215 885 1318 912 cete-

56 936 117 962 ras
139 923 220 962 edd.
246 922 409 970 excuffi‚
433 922 473 961 δι
500 935 586 961 cum
612 923 649 960 in
667 924 796 962 ἀεναον
821 923 1032 963 consentire
1057 926 1222 964 viderem
1237 957 1246 973 ‚
1266 928 1319 964 ita

56 976 266 1024 dedi31icet
284 976 410 1029 Steph.
437 977 473 1014 id
497 977 696 1028 poeticum
725 978 846 1024 dicat,
868 989 955 1016 curn
979 978 1015 1016 in
1038 977 1147 1030 prosa
1167 981 1319 1018 ἁὲννοιος

59 1030 218 1069 dicatur.
233 1030 378 1068 ΚΕΗ-Ζ.

113 1083 204 1135 Pag.
224 1095 307 1134 307.
324 1083 346 1121 l.
366 1097 397 1134 3.
412 1082 492 1122 'Eoi-i
514 1080 645 1122 λευκοῦ
669 1083 848 1137 ζεύγους)
872 1082 988 1123 Conf.
1002 1083 1111 1137 supra
1126 1085 1172 1125 de
1195 1086 1317 1126 Merc.

61 1137 177 1176 cond.
192 1149 222 1176 c.
245 1136 452 1188 ·3.501„An.

112 1193 185 1229 ead.
201 1191 223 1228 l.
241 1205 276 1235 4.
294 1190 361 1227 Καὶ
376 1189 536 1241 προέθεον
554 1189 711 1243 πολλοὶ)
734 1189 905 1241 Alclphr.
921 1191 1040 1240 paulo
1059 1191 1165 1231 aliter
1183 1191 1259 1238 ῙΠ,
1281 1207 1320 1245 p.

60 1256 161 1297 300,
174 1239 260 1283 εἶτα
272 1244 420 1281 οἰκετῶν
438 1243 720 1292 {petrea-:talum
737 1244 867 1289 στίφος
883 1243 1068 1296 (ὲὲόκουν)
1084 1247 1156 1284 &c.
1172 1246 1319 1286 REITZ.

114 1299 188 1335 ead.
208 1297 229 1334 l.
245 1296 278 1334 6.
295 1297 528 1336 Δακτυλίους
544 1297 666 1349 βαρεῖς
680 1297 758 1336 ὅσον
771 1296 992 1349 ἑκκαίὸεκοι)
1014 1299 1178 1337 Videtur
1192 1300 1237 1337 de
1252 1301 1322 1338 du-

58 1350 202 1403 plicato
219 1350 450 1389 annul-orum
466 1363 630 1389 numero
655 1351 789 1390 dicere.
813 1350 956 1389 Annuli
976 1351 1075 1389 enim
1094 1352 1320 1403 plerumque

57 1404 152 1443 0610
166 1405 203 1442 in
218 1403 343 1454 digitis
355 1433 368 1449 ,
384 1414 426 1442 ut
447 1402 600 1443 inferius
620 1403 928 1455 Icaromenippo.
943 1403 1131 1443 MARCIL.
1145 1404 1322 1458 Alciphr.

0 1485 2 1488 -
60 1457 84 1496 l.
98 1470 131 1496 c.
144 1456 281 1506 Ἐᾧκειν
293 1456 337 1496 Σὲ
351 1457 414 1494 καὶ
430 1457 483 1495 τὼ
501 1456 604 1510 χεῖρε
620 1456 838 1495 ὃακτυλίων
861 1457 1135 1508 πεπληρῶσὲῐαι
1146 1487 1155 1504 ,
1179 1460 1241 1496 καὶ
1255 1474 1324 1498 ’πο-

61 1512 328 1550 λυταλάντους
341 1509 456 1549 λίθους
475 1513 686 1562 περιφέρειν.
703 1511 780 1550 Ubi
801 1509 925 1561 Bergl.
949 1510 1143 1549 Lucianea
1164 1523 1324 1563 compa·

59 1577 150 1604 rans
171 1565 241 1604 ait:
264 1566 405 1602 Videtur
427 1564 571 1602 Lucian.
588 1563 906 1602 πολυταλάντους
927 1566 963 1601 de
980 1567 1124 1615 pondere
1139 1565 1296 1617 accepzffb
1309 1595 1322 1610 ,

59 1621 141 1657 dum
159 1618 227 1671 ips}
241 1617 361 1670 βαρεῖς
381 1619 472 1656 dicit.
492 1620 595 1667 Quod
612 1618 719 1670 magis
738 1629 874 1668 apparet
888 1618 923 1654 in
940 1618 979 1655 A
984 1618 1126 1656 moribus
1140 1633 1168 1656 c.
1192 1633 1250 1665 41,
1264 1620 1322 1658 ubi

62 1673 168 1710 alium
182 1672 405 1724 Alciplzronis
422 1673 530 1710 locum
545 1671 635 1723 (qui
649 1670 701 1709 est
718 1670 826 1722 Epist.
841 1670 896 1708 XI
908 1699 918 1716 ‚
938 1671 979 1708 L.
993 1670 1072 1723 ΙΙΙ)
1086 1671 1250 1718 imitatur,
1265 1672 1322 1711 ubi

40 1740 43 1741 ⁷
59 1728 100 1764 de
114 1726 303 1772 inauribus,
317 1740 458 1778 quarum
474 1724 765 1764 πολυτάλαντον
785 1724 899 1774 βρῖθος
918 1725 1016 1771 dicit,
1037 1724 1245 1762 multorum
1266 1738 1324 1764 ta-

60 1779 252 1819 lentorum
268 1780 416 1830 pondus
427 1807 435 1823 ‚
448 1778 540 1830 satis
553 1778 773 1829 hyperbolice.
791 1777 916 1816 Immo
930 1777 1052 1815 studio
1069 1776 1155 1816 lusit
1168 1778 1325 1818 Lucian.

59 1833 102 1871 in
121 1833 430 1878 πολυτάλαντος,
448 1832 537 1884 quia
552 1831 706 1883 quando
727 1831 773 1869 de
799 1832 920 1869 aureis
944 1831 1089 1869 annulis
1110 1829 1236 1870 sermo
1251 1832 1327 1881 est,

63 1888 231 1938 gravitas
247 1887 286 1926 &
304 1887 466 1937 pretium
490 1884 593 1937 quast
615 1898 734 1924 unum
757 1884 796 1923 δι
814 1884 911 1923 idem
937 1883 1032 1922 sunt.
1049 1885 1240 1923 Τίιλαντον
1258 1899 1327 1925 au·

62 1952 140 1979 tem
158 1941 198 1979 ἃ
214 1940 364 1991 pondus
378 1940 420 1980 &
436 1950 578 1978 certam
596 1939 707 1990 pretii
719 1937 902 1977 summam
918 1936 1146 1990 significare,
1163 1939 1247 1990 quis
1265 1952 1326 1978 ne-

62 1993 156 2034 scit?
182 1993 327 2032 Rcrrz.

117 2054 191 2085 ead.
211 2048 233 2085 l.
251 2045 542 2099 7.Ἐξημμένος)
562 2044 689 2085 Antea
704 2045 740 2084 in
759 2044 937 2084 omnibus
950 2043 1146 2096 legebatur
1161 2045 1329 2097 ἐξημμέ-

64 2114 155 2141 νους.
179 2099 251 2139 Sed
264 2112 357 2139 mox
378 2099 541 2146 videbis,
554 2111 646 2137 vere
666 2099 896 2138 Lucianeum
919 2097 1012 2143 effe,
1029 2098 1133 2149 quod
1151 2101 1328 2151 reposui3

63 2167 152 2194 cum
166 2156 306 2206 χρυσον
323 2183 331 2192 .
349 2183 358 2192 .
373 2183 381 2191 .
397 2152 596 2203 ἐξημμένη
607 2151 680 2191 τῶν
693 2153 916 2203 βοστρύχων
931 2152 975 2189 de
991 2151 1203 2200 Euphorbo
1215 2154 1326 2200 dicet,

69 2221 104 2247 c.
122 2221 180 2259 13.
195 2206 362 2247 Consule
382 2212 513 2256 Συμπ.
527 2219 560 2245 c.
580 2220 630 2253 42
647 2236 659 2251 ,
680 2205 721 2244 δι
735 2205 814 2244 ’Em
834 2209 929 2256 Κρον.
943 2217 975 2242 c.
992 2220 1027 2251 4.
1043 2205 1141 2243 Nam
1162 2219 1261 2258 quae
1276 2207 1329 2246 ita

65 2261 359 2314 apponebantur
377 2260 416 2298 in
433 2271 557 2311 partes
571 2258 714 2305 divisa,
727 2257 832 2311 efferri
845 2269 887 2296 ut
906 2259 1091 2304 dicantur,
1110 2270 1189 2297 non
1203 2259 1328 2299 sinunt

66 2326 244 2354 veterum
260 2326 397 2352 mores.
412 2313 568 2352 somn.
583 2311 852 2363 Ἐξῃμμένους)
867 2311 928 2350 Ne
947 2311 1079 2350 Solani
1100 2311 1331 2364 diligentiam

66 2367 310 2414 defraudem,
337 2367 480 2413 dicam,
499 2364 619 2418 ipsum
640 2364 863 2417 adscripsisse
876 2364 1075 2416 legendum
1101 2364 1333 2416 ἐξημμένος,

68 2422 295 2473 optime,ut
313 2433 404 2459 mox
425 2433 506 2472 cap.
526 2433 568 2472 ¹3
587 2432 642 2470 pr.
664 2419 711 2458 Et
734 2418 884 2471 Catapl.
901 2430 933 2457 c.
957 2432 992 2470 3,
1010 2432 1118 2464 τινα,
1139 2420 1202 2458 καὶ
1217 2417 1335 2471 πήραν

68 2474 291 2525 ἐξημμένον,
315 2486 397 2513 non
413 2473 578 2524 -μένην,
602 2474 662 2512 Ita
684 2473 784 2511 enim
798 2483 898 2510 amat
917 2471 1083 2511 construi
1101 2472 1141 2511 &
1157 2472 1232 2511 hoc
1247 2484 1336 2512 ver-

68 2529 162 2569 bum
180 2529 219 2568 8<
240 2525 512 2579 καταρτέιομοιι
525 2556 538 2574 ,
551 2526 709 2567 solemni
724 2525 841 2578 ellipfi
860 2536 988 2578 praep.
1007 2527 1137 2573 κατὰ,
1159 2525 1222 2566 vel
1238 2526 1338 2578 hyp·

147 2582 293 2622 Lucian.
321 2582 406 2621 Vol..
423 2581 484 2619 Vl.
1009 2577 1049 2618 Ο
1065 2590 1092 2616 o
