1764 3419
422 210 517 273 3&
624 208 1487 260 ANNOTATIONES

422 299 507 394 {eru
521 299 734 352 Ἡρακλείαν
748 302 815 342 τὴν
830 301 938 350 λίθον,
953 301 1064 341 Φύσιν
1079 302 1157 353 ’γὰρ
1172 297 1286 340 κῦτος
1301 299 1572 352 ἓλκτικωτέροιν
1584 298 1681 354 ἔχει.

463 364 600 393 OURD.

478 408 513 445 ἱιι
523 408 636 447 Schol.
649 408 673 446 l.
696 422 726 447 ι.
751 408 809 446 Ἐκ
820 407 934 459 λίθου)
955 407 1015 446 Sic
1033 406 1146 446 etiam
1159 405 1269 446 C.’Ev
1287 406 1383 446 λίθου
1396 406 1448 444 V.
1462 418 1591 458 prave.
1610 405 1685 446 So-

427 472 525 500 LAN.
538 462 686 500 Verum
699 461 764 507 est,
782 462 817 500 ἐν
830 461 889 500 hic
906 473 1070 512 pravum
1084 459 1180 499 fore.
1194 459 1265 498 Sed
1278 459 1369 498 scire
1382 472 1576 523 cuperem,
1590 472 1686 512 quo-

426 515 546 553 modo
565 515 656 553 haec
670 514 895 554 intellexerit
909 513 1070 553 Solanus
1095 512 1236 559 noster,
1263 510 1281 553 ἦ
1299 512 1410 558 Νιόβη
1435 527 1477 550 εκ.
1498 511 1593 552 λίθου
1614 527 1687 552 πε-

427 567 598 607 ποίηται.
613 568 711 606 Nam
726 566 849 606 sensus
867 568 917 607 stc
929 569 1040 620 plane
1054 566 1202 605 videtur
1219 565 1417 618 oppositus
1436 565 1611 605 historiae
1637 564 1689 604 fa-

425 619 598 667 bulosae,
613 633 713 672 quae
727 622 794 667 ait,
807 621 961 660 Nioben
974 619 1198 660 conversam
1213 621 1250 658 in
1262 618 1407 666 saxum,
1421 632 1500 657 non
1514 631 1627 663 vero,
1642 629 1688 658 ut

430 673 506 719 hic,
523 672 651 711 saxum
668 686 945 714 commutatum
958 676 995 712 in
1008 673 1176 720 Nioben,
1192 672 1269 711 five
1281 672 1433 711 Nioben
1449 683 1687 722 procreatam

428 738 478 764 ex
492 727 622 778 lapide.
632 727 814 779 Apollod.
826 727 894 775 111,
906 727 921 777 §
934 727 957 765 6
971 725 994 766 f.
1007 741 1042 779 p.
1056 740 1103 765 m.
1120 726 1210 766 168:
1227 725 1334 770 Νιὸβη
1347 722 1470 771 Θῇβας
1483 723 1691 764 ἀπολιποῦ-

428 793 484 818 σα.
495 782 584 829 στρος
597 783 660 819 τὸν
676 781 828 832 πατέρα,
838 785 1030 820 Τάνταλον
1041 776 1124 819 ’ἱῖκεν
1137 780 1186 819 εἰς
1201 780 1380 819 Σίπυλον.
1391 779 1574 829 κᾷκεῒΔιί·
1586 776 1694 830 εὖξαι-

428 832 521 883 μὲνη
537 831 604 872 τὴν
624 833 758 886 μορφὴν
780 835 830 873 εἰς
843 834 935 874 λίθον
955 834 1181 884 μετέβαλεν·
1204 843 1247 873 ut
1265 832 1373 884 plura
1395 831 1610 873 testimonia
1629 831 1692 872 vel

429 898 559 939 pueris
574 898 668 926 nota
682 889 868 926 omittam.
888 888 1025 940 Quare
1037 898 1104 926 aut
1116 886 1338 927 scholiastes
1352 886 1606 925 hallucinatus
1619 885 1694 933 est,

431 950 501 978 aut
523 952 593 991 pro
607 939 648 977 ἐκ
667 941 764 980 λίθου
782 942 979 993 legendum
996 941 1033 979 ἐς
1050 940 1155 979 λίθον.
1173 939 1211 979 Si
1227 952 1322 979 vero
1343 938 1485 992 phrasis
1499 939 1692 979 ποιεῑοὲοιι

435 992 484 1031 εἰς
511 1006 582 1044 pro
605 995 741 1033 mutari
765 996 803 1033 in
825 995 986 1047 aliquid,
1013 1007 1093 1032 non
1116 994 1267 1032 videtur
1293 993 1438 1046 proba,
1461 993 1696 1042 meminerit,

434 1046 665 1086 Scholiasten
689 1048 945 1088 Christianum
969 1047 1094 1095 fuiffe,
1115 1059 1238 1099 neque
1263 1060 1284 1085 a
1307 1046 1550 1099 scriptoribus
1571 1047 1699 1086 Eccle-

434 1099 583 1139 iiasticis
601 1101 696 1140 adeo
711 1102 872 1140 alienam
887 1102 960 1142 effe
976 1102 1070 1140 hanc
1095 1101 1331 1140 locutionem
1343 1131 1354 1149 ,
1369 1113 1468 1152 quae
1491 1112 1569 1139 non
1583 1101 1698 1153 longe

438 1154 516 1193 abit
533 1154 581 1192 ab
600 1154 666 1194 illo
683 1155 772 1195 Esai.
789 1156 892 1195 XLII
905 1186 915 1201 ,
942 1156 986 1195 16
997 1187 1008 1204 ‚
1023 1154 1168 1195 ποιήσω
1189 1151 1320 1194 αὔτοῖς
1330 1156 1376 1193 το
1392 1154 1526 1193 σκότος
1541 1153 1590 1194 εἰς
1605 1152 1700 1204 φῶς,

435 1208 500 1246 καὶ
514 1210 567 1245 τὰ.
580 1212 718 1247 σκολιὰ.
730 1210 781 1248 εἰς
794 1206 944 1249 εὐθεῖαν.
964 1209 1111 1248 REITZ.

495 1262 588 1312 Pag.
605 1276 638 1313 3.
652 1263 674 1302 l.
690 1274 721 1312 3.
743 1263 841 1315 Οἴει)
860 1264 988 1302 Attice
1005 1275 1075 1314 pro
1089 1262 1140 1310 οἵῃ
1156 1293 1166 1308 ,
1188 1261 1293 1314 quod
1305 1261 1342 1300 in
1355 1261 1482 1300 verbis
1495 1259 1704 1311 βούλομαι,

439 1314 732 1366 οὶόμειι,ὀ’ψομοιι
745 1329 972 1369 perpetuum
985 1316 1071 1363 effe,
1086 1315 1195 1368 supra
1209 1318 1281 1354 iam
1295 1314 1599 1354 observavimus.
1613 1315 1702 1354 Vid.

441 1368 627 1408 Maittair.
637 1370 682 1408 de
696 1370 871 1409 Diale-fit.
888 1384 923 1423 p.
934 1371 998 1417 62,
1009 1372 1072 1421 63.
1084 1370 1130 1408 Et
1143 1369 1338 1408 Scholiast.
1351 1367 1542 1421 Aristoph.
1553 1369 1596 1408 ad
1608 1368 1704 1408 Plut-

442 1435 506 1470 40.
521 1422 599 1461 Ubi
614 1423 762 1469 πεύσει,
776 1425 902 1463 audies.
919 1424 965 1463 Et
979 1438 1018 1464 v.
1029 1425 1096 1469 60,
1110 1421 1344 1468 ἐκπυνθάνει,
1354 1423 1556 1475 interrogas,
1569 1436 1613 1462 ac
1626 1422 1707 1462 lex-

443 1476 587 1514 centies
608 1476 706 1516 alibi.
728 1478 872 1518 Rm‘rz.

496 1531 568 1567 ead.
583 1530 606 1567 l.
621 1544 678 1582 13.
694 1530 930 1584 Σμυρναϊκὰ)
945 1530 1121 1571 Parthico
1137 1530 1237 1569 bello
1250 1530 1346 1569 hanc
1358 1543 1378 1568 a
1390 1530 1431 1569 L.
1442 1530 1552 1569 Vero
1564 1530 1602 1568 in
1617 1528 1707 1568 Asta

443 1594 611 1621 amatam
629 1585 715 1624 hinc
728 1586 958 1625 crediderim.
975 1584 1039 1624 De
1056 1584 1225 1624 panthea
1238 1596 1363 1623 tamen
1379 1583 1480 1635 apud
1494 1583 1709 1623 Historicos

443 1637 542 1676 illius
558 1639 740 1690 temporis
758 1639 848 1678 nihil
864 1640 1044 1686 inveni03
1068 1638 1168 1691 apud
1181 1651 1280 1690 quos
1294 1637 1434 1677 Lucilla
1446 1666 1457 1683 ‚
1479 1638 1574 1677 Veri
1595 1649 1711 1686 uxor,

445 1703 536 1729 cum
552 1703 670 1731 matre
684 1693 723 1731 δι
739 1692 870 1732 sorore
886 1693 1000 1732 Fabia
1015 1691 1184 1743 stuprum
1202 1690 1378 1743 suspicari
1390 1691 1561 1739 videtum
1578 1691 1711 1744 (Capi-

446 1744 515 1783 tol.
528 1757 561 1783 c.
580 1745 656 1798 10.)
671 1746 717 1785 de
733 1747 804 1786 hac
816 1747 954 1801 pellice·
963 1759 1011 1787 ne
1021 1746 1183 1786 verbum
1200 1745 1368 1798 quidem.
1381 1743 1453 1785 Sed
1467 1746 1556 1786 vide
1569 1756 1652 1785 not.
1664 1744 1711 1784 ad

447 1810 480 1837 c.
505 1811 560 1837 10.
586 1799 746 1839 SOLAN.

503 1855 577 1891 ead.
590 1854 615 1892 l.
636 1868 694 1901 14.
718 1853 936 1908 Καλλίστη)
959 1854 1047 1894 Vid.
1063 1864 1143 1892 not.
1156 1853 1202 1892 ad
1215 1854 1352 1893 Marm.
1365 1852 1497 1893 Oxon.
1520 1866 1556 1905 p.
1575 1865 1624 1891 22
1640 1883 1651 1899 ‚
1674 1865 1714 1898 2,

451 1906 493 1944 &
507 1907 574 1957 65,
591 1920 624 1953 1,
640 1908 679 1947 δι
695 1922 729 1959 p.
747 1923 809 1960 97.
834 1909 938 1948 Ante
952 1920 1074 1947 terrae
1089 1919 1240 1947 motum
1254 1937 1264 1953 ‚
1282 1920 1363 1960 quo
1384 1906 1451 1946 sub
1474 1907 1529 1946 Μ.
1544 1905 1711 1945 Aurelio

450 1959 629 1999 concuffa
652 1961 692 2000 δι
712 1960 881 2001 funditus
902 1961 1031 2002 eversa
1057 1961 1153 2000 haec
1174 1962 1310 2001 civitas
1329 1961 1478 2012 legitur,
1496 1973 1557 1999 an.
1572 1958 1709 2000 Christ.

451 2013 632 2053 CLXXV
638 2014 696 2063 113
728 2029 804 2069 qua
829 2016 874 2055 de
897 2029 937 2056 re
961 2015 1216 2056 consulendus
1239 2014 1422 2054 Aristides
1449 2013 1621 2061 Μονωὸίᾳ.
1647 2012 1713 2052 ἐπὶ

453 2066 611 2118 Σμύρνῃ,
625 2069 674 2107 T.
689 2068 728 2117 Ι,
752 2082 835 2122 pag.
850 2069 941 2117 478,
967 2069 1007 2109 &
1022 2069 1224 2120 Syncellus
1246 2083 1280 2122 p.
1298 2081 1384 2122 353.
1410 2068 1548 2108 Eadem
1572 2067 1712 2107 Marm.

452 2120 586 2160 Oxou.
599 2135 634 2173 p.
649 2136 715 2173 97,
734 2127 1038 2164 ΠΟΛΕΜΩΝΟΣ.
1054 2124 1140 2164 Vid.
1159 2121 1300 2176 Spanh.
1317 2121 1392 2171 648
1405 2153 1417 2171 ,
1439 2122 1479 2162 δι
1491 2119 1659 2161 Philostr.
1673 2133 1709 2174 p.

455 2188 544 2225 145,
560 2173 678 2214 Strab.
692 2176 803 2224 XIV,
819 2178 908 2224 646.
928 2176 1086 2216 SOLAN.

510 2229 599 2281 Pag.
615 2244 652 2278 4.
668 2230 690 2267 l.
712 2231 881 2282 ists-ffel)
904 2230 946 2269 In
961 2232 1005 2269 B.
1022 2246 1055 2271 2.
1070 2231 1126 2270 Fr.
1144 2232 1186 2269 Ρ.
1203 2231 1244 2270 &
1262 2232 1301 2268 S.
1325 2228 1390 2268 ἐπὶ
1415 2241 1534 2280 prave
1557 2227 1711 2280 legitur.

452 2281 611 2321 SoLAN.
629 2283 712 2321 Ἐπὶ
728 2282 842 2336 λίθου)
861 2284 959 2337 Lege
975 2284 1056 2323 ἐπεὶ
1072 2284 1180 2323 λίθου.
1202 2286 1331 2336 Guyet.
1358 2283 1404 2322 Et
1421 2282 1470 2322 fic
1488 2283 1627 2322 reddidi
1642 2282 1716 2321 Lu-

454 2338 567 2375 clano
579 2348 627 2375 ex
639 2337 718 2376 edd.
734 2338 909 2389 antiquis.
934 2338 1075 2377 thlrz.

507 2390 585 2427 ibid.
601 2390 700 2428 Λίθου
724 2390 923 2444 {mino-xc)
940 2392 1042 2430 Alibi
1059 2391 1178 2430 ποιεῖν
1200 2389 1295 2430 λίθου
1320 2388 1438 2442 signif.
1458 2402 1505 2429 ex
1524 2389 1647 2442 lapide
1661 2387 1717 2428 fa-

453 2443 610 2483 bricare.
625 2445 699 2484 Hic
714 2457 810 2484 vero
824 2444 926 2499 ἔργον
939 2445 1110 2497 intelligi,
1126 2446 1191 2484 vix
1205 2445 1271 2492 est,
1285 2455 1325 2484 ut
1340 2444 1583 2483 mediocriter
1599 2442 1719 2484 versa-

454 2509 517 2537 tos
531 2498 768 2539 admoneam.
780 2499 870 2540 Vid.
883 2499 926 2540 L.
938 2499 1016 2540 Bos
1030 2498 1156 2553 Ellips.
1174 2512 1210 2539 v.
1225 2498 1340 2552 ἔργον.
1363 2497 1510 2538 ΚΕΠΖ.
