1764 3419
277 260 346 305 IN
384 258 628 316 Lucum
663 257 799 304 SIVE
835 257 1112 305 rismum·
1221 267 1311 326 469

54 344 163 398 saepe
176 375 188 392 ,
202 345 238 384 ni
252 345 376 390 fallor,
391 345 426 384 in
442 358 487 385 ea
506 358 606 385 voce
623 356 814 397 peccatur.
830 345 913 398 Ego
928 358 1034 385 certe
1051 347 1240 387 ἀπέδωκα,
1261 352 1314 390 le-

55 401 217 450 gendum
232 399 305 438 effe
320 399 444 438 nullus
458 399 602 438 dubito.
620 399 738 438 Nolui
753 410 882 438 tamen
903 412 1071 449 mutare,
1086 402 1173 454 quia
1188 403 1224 441 in
1239 403 1313 444 hoc

52 452 182 491 libello
198 453 316 492 multa
332 464 479 491 manca.
495 452 653 491 SOLAN.
1226 453 1227 459 ’

107 508 180 543 ead.
199 507 223 544 l.
250 507 305 544 16.
325 504 400 544 Τῶν
422 502 623 558 Ἑλλήνων)
645 504 683 544 Si
701 504 881 545 Patareus
907 504 1054 555 fuiss'et,
1078 505 1314 549 scribendum

53 570 135 598 erat
149 558 219 598 τῶν
233 557 382 598 Λυκίων.
400 569 454 597 LA
468 557 622 597 CRozE.
1285 556 1287 559 ’

109 613 198 665 Pag.
215 625 298 666 133.
314 614 338 650 l.
355 625 386 652 1.
399 612 492 663 Hap'
505 611 600 664 ἐμὲ)
618 611 674 650 Ita
690 624 739 651 ex
761 611 832 652 Ms.
848 612 943 665 Reg.
962 626 1031 664 301
1044 627 1074 652 1.
1089 614 1128 654 &
1140 614 1196 653 ed.
1213 615 1258 653 B.
1276 630 1311 657 2.

53 677 128 718 pro
143 664 304 716 vulgato
323 665 414 717 παρ’
433 665 531 715 ἐμοὶ,
545 664 697 704 rescribi
714 665 812 704 iuffit
826 666 870 705 cl.
884 667 927 706 Β.
942 667 987 706 de
998 667 1093 706 Ball.
1119 669 1180 707 cui
1203 668 1314 708 obse-

55 719 320 758 cundavimus.
330 718 412 767 Ἐμὲ
425 717 596 771 agnoscit
607 718 721 757 etiam
737 719 784 758 B.
802 733 841 767 4.

107 774 182 810 ead.
194 773 218 810 l.
230 771 265 810 8.
280 772 319 810 ‘H
334 772 564 823 Παλαίστρα,
583 771 673 824 ἄγει
692 787 742 821 με
753 773 818 811 καὶ
833 773 1006 813 δείκνυσί
1017 788 1079 823 μοι
1105 776 1311 816 κάλλιστον

53 823 299 875 οἰκημάτων)
323 825 552 877 Interpretes
571 837 727 870 omnes,
750 826 936 878 ostensaque
957 829 1053 866 domo
1074 829 1309 879 pulcherrima.

51 877 194 926 Immo,
204 890 247 916 ut
260 877 558 917 comm0dlffime
572 879 724 917 notavit
735 892 854 930 pater,
865 879 1038 926 κοιτῶνα,
1050 890 1093 919 ut
1106 882 1312 933 piaeceffit,

50 931 272 970 cubiculum
287 931 328 970 &
350 932 478 971 locum
500 932 723 970 dormiendi.
744 931 807 972 Sic
823 932 1018 981 ἓωμέιτιον
1034 947 1107 986 pro
1127 935 1311 975 cubiculo

53 985 180 1024 etiam.
193 985 292 1024 Vide
306 984 577 1025 Casaubonum
592 986 636 1024 ad
649 986 899 1038 Theophrast.
918 998 1001 1039 pag,
1017 988 1102 1039 263.
1115 986 1163 1026 Et
1176 1001 1315 1028 occur-

52 1038 103 1076 rit
117 1038 318 1090 aliquoties
335 1038 444 1077 infra.
459 1038 529 1078 Sed
542 1038 763 1078 notabiliter
777 1053 814 1093 p.
832 1053 845 1078 1
859 1053 872 1078 1
883 1054 902 1078 2
915 1071 925 1087 ‚
943 1039 971 1077 oi
983 1040 1051 1089 μὲν
1066 1041 1310 1092 &pamma

52 1086 171 1130 αὖτοῦ
189 1107 263 1131 που
286 1092 446 1131 πλησίον
466 1095 533 1144 orph
558 1090 624 1130 τοῦ
644 1091 838 1141 ὃωμοιτίου
862 1092 1072 1141 {andeveram
1094 1095 1160 1133 ubi
1184 1096 1313 1148 inepte

52 1155 211 1184 vertunt
223 1146 259 1183 in
268 1146 457 1199 propinquo
469 1146 638 1196 vestibulo.
650 1144 794 1184 GRON.

107 1199 198 1251 Pag.
215 1213 300 1252 134.
316 1200 340 1238 l.
356 1215 392 1246 4.
404 1199 442 1237 ‘H
465 1198 524 1239 νῦν
537 1213 600 1248 μοι
616 1197 718 1251 astas)
738 1199 884 1238 Aberat
896 1200 944 1238 ab
963 1199 1188 1240 editionibus
1204 1202 1310 1242 artic.

52 1249 73 1292 ἦ
85 1281 99 1297 ,
114 1265 228 1303 quem
242 1253 450 1292 addidimus
462 1264 511 1291 ex
524 1251 609 1291 Mff.
624 1252 745 1304 Regg..
760 1266 872 1305 2955.
888 1254 929 1292 δι
947 1266 1015 1305 301
1030 1266 1060 1292 1.

0 1304 3 1309 '
104 1306 182 1344 ibid.
195 1305 348 1345 Πάσσας
360 1305 448 1346 ταῖς
459 1303 632 1358 ἷιμέρειις)
649 1304 758 1356 Quid
770 1306 848 1346 hoc
862 1305 919 1352 fit,
935 1307 1106 1346 nondum
1123 1305 1308 1360 affequor.

52 1357 370 1412 Corruptumque
385 1361 482 1398 adeo
494 1360 623 1399 locum
638 1359 813 1397 arbitror.
831 1359 990 1400 SOLAN.

106 1415 178 1451 ead.
195 1415 217 1452 l.
232 1414 268 1452 6.
281 1413 390 1464 Τριῶν
408 1415 426 1453 ἢ
446 1414 563 1453 πέντε
586 1411 741 1465 ἦμερῶν)
753 1412 924 1465 Intellige
938 1412 1022 1452 m.-
1037 1412 1202 1453 GUYET.

105 1469 177 1505 ead.
193 1467 216 1505 l.
235 1479 249 1504 1
260 1482 291 1505 2.
306 1465 380 1516 Κᾷν
394 1466 539 1519 τούτῳ)
552 1465 596 1504 In
610 1467 700 1505 lunt.
713 1466 785 1505 κᾶν
800 1478 881 1506 erat
895 1467 972 1505 fine
987 1467 1133 1519 puncio
1148 1466 1313 1507 subscria

52 1531 122 1572 pto
133 1551 143 1569 ,
160 1521 266 1573 quod
285 1521 325 1559 δι’
351 1521 444 1559 aliae
463 1532 556 1560 vett.
580 1520 662 1559 edd.
688 1518 798 1572 saepe
825 1520 995 1559 omisere.
1021 1519 1092 1559 Sed
1113 1532 1200 1559 cum
1228 1523 1314 1562 Par.

51 1574 227 1626 aliaeque
239 1574 275 1614 id
287 1574 488 1619 haberent,
503 1573 638 1615 addere
654 1585 732 1612 non
745 1573 918 1626 neglexi,
932 1573 1021 1625 quia
1035 1573 1087 1612 est
1103 1587 1175 1625 pro
1190 1574 1254 1612 καὶ
1273 1575 1311 1615 ἐν

52 1627 242 1679 positum,
263 1628 303 1667 δι
324 1627 374 1667 fic
393 1628 524 1666 melius
555 1626 796 1678 distinguitur
819 1640 844 1666 a
864 1627 934 1666 κέὶν
948 1630 1015 1679 etfi.
1030 1627 1084 1667 Ut
1104 1627 1214 1681 supra
1235 1629 1311 1668 iam

52 1682 190 1721 monui
204 1683 250 1720 ad
261 1681 416 1733 Lexiph.
430 1694 460 1720 c.
477 1695 537 1720 22.
552 1681 703 1719 Rmz.

106 1738 178 1774 ead.
191 1736 213 1774 l.
230 1750 288 1783 14.
299 1735 453 1784 Ἶμέιτιοι
465 1757 508 1763 -
524 1733 670 1785 ἀνθινὰ)
683 1733 844 1781 Confer,
863 1733 891 1772 fi
906 1733 1031 1782 lubet,
1049 1733 1313 1786 Alciphr.111,

53 1787 123 1840 Ep.
140 1802 206 1840 54,
222 1788 304 1829 πῶς
323 1792 368 1827 τὸ
394 1787 539 1838 ἁνθηρὶν
564 1785 678 1826 τοῦτο
694 1809 739 1816 -
757 1786 906 1837 ἱμάτιον
928 1788 1034 1839 φέρω.
1061 1788 1313 1828 Meretricum

53 1842 243 1894 gestamen
255 1842 378 1882 vestes
390 1841 556 1880 floridae.
572 1840 790 1880 Habuimus
804 1853 884 1880 non
901 1840 1013 1880 semel
1026 1839 1146 1894 supra.
1165 1840 1314 1881 Occurs-

21 1904 23 1906 ·
55 1907 114 1935 ret
133 1895 260 1935 rursus
280 1896 422 1935 deinde.
447 1894 596 1935 Confer
617 1895 769 1933 interim
789 1906 871 1934 not.
888 1895 1126 1934 Bourdelotii
1142 1896 1186 1934 ad
1201 1896 1311 1948 Nigr.

55 1963 136 2003 cap.
151 1964 210 2003 13.
228 1950 371 1989 Rm-rz.

111 2004 201 2054 Pag.
219 2017 304 2057 135.
316 2006 340 2042 l.
358 2002 494 2056 1.'E⁶yc{›
507 2001 648 2054 Ἀβροιέι
669 2001 743 2049 εἰμι
756 2030 766 2048 ,
788 2001 821 2040 εἴ
840 2017 926 2042 τινα.
939 2000 1006 2041 τῆς
1019 2000 1083 2041 σῑῖς
1098 2004 1238 2053 μητρὶς
1254 2003 1315 2053 φί-

55 2067 121 2096 λων
135 2056 309 2109 ἀκούεις)
323 2057 564 2108 intelligunt,
583 2070 641 2108 ego
654 2057 791 2094 Abroea
798 2055 899 2106 sum,
913 2056 1066 2105 amicast
1076 2071 1141 2107 qua
1163 2071 1314 2107 unquam

49 2110 126 2162 fuit
137 2122 214 2149 tuae
225 2112 355 2158 matris,
367 2123 454 2150 cum
464 2121 542 2148 non
552 2110 750 2148 videantur
761 2121 843 2148 eam
856 2109 951 2148 adeo
963 2108 1065 2147 arcia
1078 2108 1318 2148 coniunctio·

57 2177 108 2203 ne
120 2164 265 2203 vincire
276 2177 394 2204 voces
407 2163 593 2209 Graecae,
604 2175 701 2213 quae
712 2161 927 2214 simpliciter
943 2161 1090 2208 sonant,
1107 2175 1165 2212 ego
1177 2163 1314 2201 Abroea

50 2218 132 2268 sum
142 2249 154 2263 ‚
164 2219 202 2269 fi
218 2233 317 2270 quam
334 2217 452 2256 matris
467 2229 546 2255 tuae
557 2216 698 2254 amicam
712 2215 836 2254 forsan
850 2216 948 2254 audis
963 2215 1025 2254 vel
1038 2215 1167 2253 audisti
1187 2228 1236 2254 eo
1247 2228 1318 2254 no·

58 2271 183 2319 mine3
200 2283 241 2310 ut
258 2274 373 2324 poeta
387 2299 399 2317 ,
417 2270 535 2308 Fando
551 2270 682 2321 aliquid
683 2271 720 2320 si
722 2268 814 2320 fhrte
828 2281 909 2308 tuas.
915 2266 1067 2320 perveriit
1076 2271 1125 2306 ad
1141 2282 1238 2306 aures
1248 2270 1318 2307 Be-

57 2325 144 2364 lidae
156 2340 272 2364 nomen
291 2324 498 2362 Palamedis.
514 2323 659 2363 GRON.

111 2381 183 2417 ead.
199 2378 221 2417 l.
240 2378 276 2417 6.
290 2378 527 2430 Κατέιγομοιι
554 2378 661 2428 παρὰ
685 2375 769 2428 σοὶ)
792 2375 917 2415 Solan.
941 2374 1045 2414 iubet
1063 2373 1227 2414 conferri
1243 2378 1320 2412 Κοι-

61 2431 188 2471 τάπλ.
208 2444 293 2484 cap.
309 2431 366 2469 18.
382 2431 452 2469 Sed
475 2430 525 2468 ibi
545 2429 665 2481 legas,
681 2428 829 2479 καὶμὴν
846 2429 932 2468 ἴσως
951 2426 1049 2476 ὑμῶν
1074 2428 1137 2466 καὶ
1153 2442 1321 2478 προμετ-

61 2484 294 2538 ειχθήσομεω.
312 2484 359 2524 Et
381 2498 402 2521 2
425 2484 518 2522 Ver.
540 2482 632 2522 Hist.
650 2482 703 2531 §6
720 2496 776 2534 pr.
789 2481 935 2523 τούτοις
957 2480 1083 2523 ἄπεισι
1104 2481 1318 2532 κηλούμενοι

61 2536 322 2592 κατήχθημεν.
340 2537 450 2590 Quid
465 2537 572 2577 tum?
588 2536 729 2576 REITz.

948 2588 1072 2642 Ggs
