1764 3419
419 235 509 284 520
616 218 1488 266 ANNOTATIONES

471 308 505 346 in
520 306 633 346 Schol.
647 307 712 345 col.
732 320 764 344 1.
780 306 802 343 I.
821 319 851 344 1.
865 304 968 343 Ἀλλ’
983 304 1021 344 ἐς
1034 302 1151 356 Δῖος)
1166 304 1255 344 Hoc
1274 304 1467 344 Scholium
1483 305 1580 346 haud
1594 305 1680 346 satis

416 371 504 414 apte
517 361 576 400 hic
591 359 770 399 insertum
784 389 796 405 ,
812 359 1007 397 noluimus
1020 369 1144 396 tamen
1159 358 1250 397 loco
1266 371 1426 397 movere
1437 388 1448 406 ,
1463 371 1544 411 quo
1561 359 1679 399 Scho-

416 415 545 455 liastae
559 415 750 466 ingenium
767 412 885 464 magis
905 410 1136 460 innotescat,
1150 413 1217 463 qui
1231 421 1378 464 arrepta
1396 415 1556 451 marium
1571 412 1682 452 femi-

414 479 633 520 narumque
648 468 743 505 inter
759 465 868 505 Deos
881 466 1087 510 mentione,
1106 477 1254 512 notam,
1274 478 1389 518 quam
1404 465 1487 508 alibi
1504 478 1571 505 aut
1584 478 1681 505 con·

418 522 590 562 cinnarat
602 531 670 558 aut
684 521 906 565 invenerat,
922 518 1049 557 alieno
1072 517 1227 571 prorsus
1245 519 1336 558 loco
1351 518 1484 559 lectori
1497 519 1680 560 obtrudit.

419 576 509 614 vid.
524 573 651 613 Schol.
663 587 710 623 43
727 573 772 609 ad
788 577 832 610 Θ.
846 578 892 610 Δ.
913 571 1070 610 δοιΑΝ.

478 627 707 680 Pag.231.1.
726 639 758 663 1.
773 625 983 678 Νώνυμνοι)
1008 625 1099 664 Non
1123 625 1297 664 dubitavi
1323 625 1374 665 fic
1394 626 1482 666 dare
1501 639 1549 666 ex
1570 627 1623 664 Fl.
1639 625 1681 666 δε

420 680 582 719 Homeri
597 679 689 718 loco
702 680 748 717 ab
762 678 906 717 Solano
919 680 1049 718 citato.
1065 679 1158 718 Item
1173 691 1219 717 ex
1232 679 1335 718 Iliad.
1354 686 1400 728 Ξ,
1413 693 1478 727 70,
1489 681 1553 719 ubi
1568 679 1681 732 plane

416 734 519 772 -idem
534 730 691 778 versus,
712 744 825 784 quem
849 730 941 770 lens.
955 745 1003 771 ex
1027 736 1084 779 Μ,
1099 745 1174 779 70,
1193 733 1306 781 citat,
1330 734 1514 780 recurrit,
1535 745 1605 772 nec
1626 745 1683 772 ta-

420 799 509 828 men
523 785 717 834 νωνὺμους,
730 786 790 823 led
806 783 1004 835 νωνύμνους
1016 784 1203 824 scribitur.
1219 786 1329 838 Quin
1343 787 1384 826 &
1399 791 1435 825 Μ
1447 815 1460 833 ,
1475 801 1527 837 70
1541 817 1552 835 ‚
1571 788 1608 826 in
1620 788 1680 826 ed.

421 841 592 892 optimae
606 851 718 878 notae
733 838 867 878 Oxon.
881 839 1080 888 νωνύμνους
1094 839 1260 878 similiter
1273 840 1420 892 legitur.
1442 840 1491 880 Et
1504 842 1683 893 quamvis

420 895 558 933 erudit.
574 892 714 933 Clarke
727 890 907 942 νωνὺμους
918 893 967 931 ibi
981 893 1147 939 ediderit,
1161 892 1298 933 fatetur
1317 905 1458 942 tamen,
1473 895 1567 934 alios
1580 893 1685 933 νωνὺ·

419 962 536 997 μνους
550 948 710 994 habere,
732 947 879 997 aitque:
901 947 1014 985 Nulla
1033 963 1076 986 cx
1092 948 1256 998 analogia
1274 949 1413 1001 produci
1424 950 1529 1000 potest
1545 949 1635 986 illud
1643 962 1680 986 υ.

429 1004 598 1041 Utrumne
611 1017 687 1039 vero
700 1001 912 1049 νωνίμνους,
927 1003 1089 1053 quomodo
1103 1002 1256 1040 nonnulli
1278 1002 1467 1048 ediderunt,
1481 1017 1526 1040 an
1547 1000 1691 1051 νωνύμ-

422 1070 515 1104 μους
533 1070 634 1107 aeque
652 1069 692 1093 ac
709 1054 888 1102 νωνυμους
898 1055 1151 1105 pronuntiarint
1170 1056 1280 1099 lones,
1303 1072 1370 1095 non
1390 1057 1503 1108 liquet.
1522 1055 1613 1095 Non
1626 1067 1685 1093 ta·

424 1122 512 1148 men
527 1108 642 1148 ausim
660 1119 871 1160 repugnare
892 1107 1039 1156 lensio,
1063 1108 1242 1155 νωνὺμους
1263 1108 1304 1148 &
1322 1110 1523 1159 νωνύμνους
1545 1109 1687 1161 promi-

422 1161 511 1203 scue
525 1162 708 1209 inveniri,
724 1160 763 1199 δι
785 1161 890 1213 prius
911 1163 1025 1201 etiam
1042 1162 1221 1214 produci:
1239 1175 1325 1201 nam
1342 1163 1381 1202 in
1396 1161 1535 1214 Odyff.
1558 1163 1687 1215 priore

423 1218 544 1257 modo
560 1215 731 1255 scribitur
747 1218 794 1260 A,
811 1228 906 1263 222,
921 1217 1051 1254 —520‘1
1065 1218 1222 1267 νώνυμον
1244 1216 1414 1264 ὀπίσσω,
1427 1217 1463 1255 in
1481 1231 1499 1269 3
1517 1217 1598 1256 edd.
1621 1229 1687 1256 an·

423 1271 516 1323 tiqq.
535 1281 717 1309 aeramen
738 1268 858 1306 media
872 1268 913 1308 fit
932 1269 1059 1321 longa.
1076 1269 1148 1309 Sed
1170 1270 1263 1321 quia
1287 1270 1458 1310 crebrius
1480 1271 1686 1324 corripitur·

424 1323 476 1363 fic
491 1325 667 1376 scriptum
681 1354 692 1370 ‚
713 1333 754 1361 ut
769 1320 843 1360 Od.
861 1328 890 1360 Ξ
903 1353 914 1371 ,
933 1323 1003 1362 182
1017 1353 1027 1371 ‚
1043 1325 1209 1371 Νώνυμον
1231 1323 1273 1373 ἐξ
1287 1324 1426 1365 Ἰθάκης
1441 1347 1501 1371 -‚
1524 1325 1614 1364 item
1632 1330 1658 1363 N
1672 1352 1685 1370 ‚

410 1408 413 1412 ,
426 1392 502 1430 239
513 1408 525 1424 ‚
537 1374 649 1417 Οὕτω
662 1375 822 1425 νώνυμός
838 1375 956 1415 ἐστιν·
973 1376 1079 1416 ἴσοισι
1094 1377 1139 1416 ἓέ
1152 1391 1217 1426 μιν
1228 1379 1344 1427 μάλα,
1358 1378 1509 1417 πολλοί·
1526 1377 1686 1431 suspicio

422 1443 615 1476 remanet,
630 1431 741 1469 etiam
757 1430 877 1482 priori
890 1429 964 1470 Od.
980 1430 1071 1469 loco
1084 1429 1254 1470 consona
1268 1431 1461 1483 duplicata
1473 1432 1687 1484 legendum.

426 1484 566 1536 Quare
581 1484 701 1524 fraudi
722 1496 799 1522 non
814 1484 883 1522 erit
898 1483 1073 1536 recepiffe
1095 1485 1132 1522 in
1153 1485 1322 1524 Luciano
1334 1514 1345 1532 ,
1361 1486 1466 1538 quod
1482 1487 1600 1525 tutius
1612 1485 1687 1534 est,

423 1538 491 1578 etsi
505 1539 675 1578 nondum
691 1538 800 1590 plane
814 1539 940 1589 negari
952 1548 1082 1590 queat,
1096 1538 1259 1577 alterum
1273 1551 1431 1592 quoque
1444 1538 1588 1592 defendi
1604 1539 1689 1593 pos·

424 1591 471 1631 se.
495 1592 566 1631 Sed
587 1591 727 1640 sentio,
741 1591 855 1630 nimis
875 1593 949 1630 iam
964 1591 1157 1632 curiosum
1180 1604 1240 1631 me
1259 1591 1365 1632 fuiss'e
1385 1594 1424 1632 in
1442 1606 1519 1632 una
1534 1593 1687 1634 literula

410 1647 658 1698 indaganda,
675 1645 716 1685 δι
732 1658 812 1685 non
827 1645 989 1685 multum
1004 1646 1176 1686 utilitatis
1196 1646 1281 1686 inde
1297 1645 1485 1687 le&orurn
1501 1647 1687 1700 plurimos

424 1711 618 1753 capturos.
635 1701 776 1739 Rmz.

479 1754 557 1793 ibid.
571 1754 748 1805 Bromio-1)
764 1754 865 1806 Lege
876 1783 886 1799 ,
907 1753 942 1793 ἑν
957 1751 1092 1803 βωμοῖς
1103 1754 1211 1805 παρὰ
1227 1754 1412 1794 xviam-uf.
1431 1753 1593 1795 GUYET.
1607 1755 1687 1795 Re-

424 1809 484 1849 &e
497 1809 648 1861 quidem
659 1808 843 1860 Guyetus
857 1809 963 1856 vidit,
977 1809 1012 1845 in
1027 1807 1247 1859 vulgaribus
1261 1809 1339 1846 edd.
1351 1807 1471 1847 deeffe
1485 1808 1624 1860 aliquid
1639 1810 1688 1850 ad

421 1874 640 1902 numerum.
653 1862 734 1902 Iam
750 1874 846 1902 vero
860 1891 870 1907 ,
888 1875 975 1902 cum
991 1874 1062 1913 pro
1078 1863 1253 1911 νώνυμοι,
1267 1862 1477 1902 habeamus
1489 1863 1688 1913 νώνυμνοι,

423 1916 551 1956 addito
565 1916 602 1956 ἐν
616 1917 707 1955 nihil
721 1916 774 1955 est
787 1928 898 1965 opus.
912 1916 1054 1955 RmTz.

476 1973 550 2008 ead.
565 1971 588 2008 l.
602 1986 638 2019 4.
650 1969 715 2009 Ὧς
735 1969 781 2009 ἂν
803 1966 896 2009 ὅλης
914 1970 932 2009 ἢ
959 1974 1102 2024 τέχνης
1125 1967 1224 2024 ἔχη)
1243 1968 1432 2009 Indicarat
1457 1969 1621 2011 Solanus
1644 1972 1686 2010 in

422 2036 542 2076 marg.
559 2023 777 2064 conferend.
793 2022 894 2062 Dial.
915 2037 947 2070 ι,
958 2023 1007 2064 T.
1022 2024 1048 2062 1.
1062 2023 1118 2061 Ibi
1131 2035 1258 2062 autem
1273 2022 1288 2072 §
1305 2037 1324 2062 2
1339 2023 1459 2076 legas:
1474 2022 1620 2074 φύσεως
1636 2046 1682 2056 --

423 2075 523 2129 ἔχων
536 2076 684 2127 ἓεξιῶς.
697 2077 767 2118 Sed
788 2076 848 2115 illa
861 2077 970 2115 verbi
983 2076 1065 2128 ἔχω
1078 2076 1261 2116 ίίτιιὲὶυτε
1277 2076 1361 2116 satis
1379 2076 1433 2116 est
1447 2078 1576 2117 obvia.
1592 2078 1683 2118 Vid.

422 2140 551 2170 tamen
567 2130 672 2170 Tox.
687 2143 768 2182 cap.
783 2145 836 2180 44
849 2129 871 2169 f.
887 2126 934 2170 ὥς
948 2145 1010 2169 τις
1023 2132 1042 2169 ri
1055 2130 1202 2183 γένους,
1215 2130 1233 2168 ἢ
1247 2130 1438 2178 πλούτου,
1457 2131 1476 2170 ii
1488 2130 1685 2181 svve'tuecoe

422 2181 510 2238 ἔχοι
523 2215 533 2231 ,
548 2184 676 2236 ibique
695 2185 820 2223 obiter
839 2195 989 2224 notata:
1008 2197 1094 2222 nam
1118 2184 1175 2223 his
1197 2183 1414 2232 inhaerere,
1431 2185 1496 2224 ubi
1521 2186 1610 2224 nihil
1631 2185 1686 2226 est

423 2238 674 2285 difficultatis,
687 2250 766 2277 non
779 2237 831 2276 est
847 2238 1005 2276 animus.
1021 2238 1160 2277 REITz.

475 2294 549 2330 ead.
563 2292 585 2329 l.
600 2291 636 2332 8.
648 2289 894 2344 Εὖφρέινορος)
913 2292 1052 2337 Miror,
1066 2283 1169 2330 fiune
1183 2291 1281 2331 inter
1293 2290 1492 2332 statuarios
1504 2292 1683 2331 nomina-

420 2345 476 2390 ri,
489 2345 695 2395 omittique
709 2346 768 2384 hic
778 2344 1018 2396 Polycletum
1030 2374 1041 2390 ,
1056 2346 1121 2398 qui
1136 2346 1253 2397 paulo
1269 2344 1352 2397 post
1362 2358 1384 2384 a
1397 2346 1591 2387 Mercurio
1605 2359 1684 2386 me·

421 2410 606 2438 moratur.
616 2399 845 2451 Euphranor
857 2399 957 2438 enim
972 2398 1126 2451 insignis
1136 2399 1286 2451 quidem
1301 2399 1438 2449 pictor,
1452 2412 1530 2439 non
1543 2399 1684 2439 statua-

419 2453 501 2491 rius
512 2466 524 2500 3
536 2451 601 2491 nist
614 2452 714 2492 forte
725 2454 838 2492 etiam
852 2452 1064 2492 tabularum
1078 2452 1260 2504 pietarum
1277 2453 1337 2492 hic
1349 2453 1536 2493 rationem
1552 2466 1573 2492 a
1586 2453 1683 2498 love

418 2505 548 2548 haberi
561 2519 691 2561 putes,
705 2507 810 2560 quod
830 2519 851 2548 a
872 2519 970 2549 vero
992 2506 1083 2548 mihi
1102 2519 1181 2548 non
1198 2507 1349 2550 videtur
1368 2507 1584 2552 abhorrere.
1607 2507 1680 2553 Eu-
