1764 3419
306 242 376 291 ΙΝ
405 239 710 291 SOMNIUM
745 238 861 288 SEU
900 239 1176 288 GALLUM.
1274 243 1363 307 605

114 328 175 371 hic
188 328 345 382 Gnipho
357 362 367 379 ‚
385 344 476 370 totus
489 331 678 376 contabuit,
699 329 899 370 ἐκτέτηκεν
915 328 1009 369 ἕλος,
1024 338 1067 367 ut
1079 327 1198 366 statim
1213 327 1369 369 dicetur.

112 384 226 436 Quid
244 386 357 436 igitur
373 383 439 422 sibi
460 385 597 423 volunt
616 385 674 422 hic
688 385 812 434 digiti?
835 385 879 421 ad
899 383 1229 434 computationem
1255 383 1369 434 perti—

113 450 207 477 nent
223 439 435 476 usurarum.
459 437 558 476 Puto
577 449 712 487 nempe
730 438 953 488 legendum,
977 436 1082 487 quod
1103 436 1369 486 interpretatus

113 489 195 529 sum
206 519 219 536 ,
235 490 543 543 ἀναλογιζόμενον
555 489 641 529 τοὺς
653 491 779 527 τόκους
791 492 894 528 κατὰ
907 489 993 528 τοὺς
1005 487 1232 528 δακτύλους.
1251 487 1369 526 Parti-

113 544 224 583 culae
237 544 299 582 καὶ
318 543 359 582 &
377 545 482 582 κατὰ
495 556 608 595 quam
628 542 736 581 facile
757 543 794 580 in
808 542 890 581 Mff.
908 542 1142 589 misceantur,
1156 554 1290 580 notum
1304 541 1371 582 est.

114 596 153 636 Si
177 597 237 636 cui
252 597 316 635 vel
338 597 387 635 sle
411 597 535 635 audax
552 596 707 634 nimium
722 595 895 635 videatur
914 596 1093 643 mutati03
1108 605 1225 648 ponat
1246 607 1310 646 per
1329 594 1367 635 ἓν

113 650 186 690 διὰ
205 648 305 689 Συοῖν
323 649 451 689 ῐυηὲὶει
466 650 771 703 ἀναλογιζόμενον
787 651 873 688 τοὺς
887 649 1017 688 τόκους
1035 650 1096 688 καὶ
1117 648 1200 687 τοὺς
1220 646 1370 687 samb-

115 715 215 743 λους.
239 704 337 742 Nam
360 715 493 742 revera
520 704 555 741 62
576 703 699 754 usuras
719 703 753 740 c>
781 704 902 753 digitos
932 713 1125 748 numerat,
1146 702 1215 754 qui
1236 701 1367 742 usuras

114 759 312 808 computat
330 756 448 808 digitis
469 756 530 795 vel
550 756 594 795 ad
613 756 759 807 digitos.
780 755 906 795 GESN.

170 812 242 849 ead.
262 810 284 850 l.
303 824 361 849 12.
384 808 541 862 Σίλφην)
553 809 668 848 Conf.
692 808 786 848 infra
797 809 951 849 'Amaia
968 821 1001 848 c.
1022 820 1079 858 ¹7.
1103 808 1259 848 SOLAN.

168 863 259 914 Pag.
274 877 360 916 339.
376 863 399 900 l.
413 877 448 910 4.
461 861 725 914 Ὀνειροοτολεῖς
735 866 798 901 τὸν
811 861 989 914 πλοῦτον)
1001 863 1121 914 Supra
1134 861 1234 900 Dial.
1247 862 1370 903 Moru

113 915 153 955 V
168 915 193 955 f.
205 917 319 956 etiam
336 915 496 969 paffive,
514 919 574 955 'rbi'
586 917 901 968 ὀνειροποληθέντα
915 914 1077 955 πλοῦτον
1095 913 1369 956 ἀπολιπόντες.

114 968 237 1022 Long.
258 969 349 1008 Past.
372 969 445 1016 IV,
459 982 543 1023 pag.
558 983 630 1022 129
647 999 657 1017 ,
680 969 697 1021 (
717 968 816 1022 137)
841 967 1065 1021 ὀνειροπολεῖ
1077 970 1228 1021 γάμους
1248 980 1370 1007 mmu-

111 1022 225 1063 σίους.
243 1023 383 1063 Rmz.

168 1080 241 1116 ead.
256 1077 280 1116 l.
296 1089 330 1130 ς.
341 1077 435 1116 Ὕστὶ)
448 1074 516 1116 τοῦ
529 1075 691 1127 οἰκέτου)
711 1075 877 1115 subaudi
890 1075 1153 1128 περαινόμενον.
1168 1075 1339 1115 GUYET.

169 1132 241 1168 ead.
264 1132 287 1168 l.
302 1144 359 1179 14.
372 1130 502 1183 Ἐστι)
519 1129 574 1169 Ex
590 1130 618 1168 Ι.
638 1129 725 1169 ἐστο
743 1130 870 1169 Solam.
887 1129 1011 1168 noster
1033 1129 1128 1168 ἔστω
1149 1129 1308 1174 fecerat,
1326 1139 1368 1169 ut

114 1195 204 1223 cum
221 1186 389 1237 χαιρέτω
403 1184 640 1223 conveniret.
659 1183 920 1223 Concederem
934 1214 945 1231 ‚
957 1183 983 1221 si
997 1195 1068 1235 pro
1081 1182 1161 1231 ἔμοι
1181 1196 1230 1235 γε
1251 1184 1368 1222 etiam

114 1237 302 1288 legeretur
323 1237 403 1288 ἐμοὶ
424 1237 490 1285 ὃὲ,
509 1249 589 1289 quo
604 1237 833 1275 indicaretur
846 1237 938 1275 haec
955 1236 1022 1275 sibi
1038 1236 1271 1288 respondere.
1284 1236 1369 1275 Iam

113 1302 213 1329 vero
235 1291 327 1329 nihil
346 1303 444 1341 opus
460 1289 535 1337 est,
559 1290 598 1328 &
612 1290 826 1329 accuratius
845 1289 1058 1342 inspicienti
1076 1301 1253 1341 apparet,
1273 1289 1368 1328 illud

115 1342 206 1382 ἐστο
222 1346 382 1396 propius
397 1344 575 1382 accedere
590 1344 636 1382 ad
649 1343 881 1394 reliquarum
903 1343 986 1383 ἐστι
999 1372 1012 1390 ,
1033 1343 1074 1382 δι
1096 1355 1265 1382 errorem
1283 1352 1369 1381 tan-

114 1407 196 1436 tum
213 1397 538 1450 typographicum
551 1396 624 1435 effe
637 1427 647 1443 ‚
663 1398 753 1448 quia
772 1395 1064 1442 «πλοῦτόςὲστο,
1078 1408 1238 1435 accentu
1255 1408 1369 1435 retra-

113 1449 200 1498 ·sto‚
221 1452 351 1490 eadem
374 1463 495 1502 aeque
508 1451 662 1489 exhibet
683 1463 726 1489 ac
740 1462 908 1495 ceterae,
922 1451 1094 1502 adeoque
1110 1451 1293 1489 editorem
1318 1462 1370 1490 ne

112 1504 267 1556 quidem
295 1506 335 1544 in
361 1505 490 1543 animo
516 1503 706 1552 habuiise‚
730 1504 826 1543 ἕστο)
853 1505 960 1542 dare:
982 1505 1087 1556 quod
1110 1515 1236 1543 tamen
1266 1503 1367 1542 haud

113 1557 209 1597 adeo
228 1558 403 1610 religiose
422 1557 661 1597 observarem
675 1588 689 1604 ‚
708 1557 735 1596 si
756 1556 949 1597 neceffitas
966 1558 1217 1597 mutationem
1239 1556 1370 1596 suade-

108 1622 190 1705 ἷξε,
213 1622 280 1651 aut
303 1611 397 1652 aliae
417 1612 498 1652 edd.
519 1612 648 1652 bonae
668 1623 783 1651 notae
795 1640 808 1659 ,
823 1610 1021 1651 ve1C0dd.
1042 1611 1143 1652 ἔστω
1168 1612 1363 1651 haberent.

154 1675 256 1707 ΕΠΖ.

486 1863 967 1877 ——m—

609 1983 867 2023 Erratum

298 2077 338 2118 p.
359 2063 447 2105 260.
460 2064 483 2104 l.
501 2063 776 2118 ς.“Ετεροικλέἰ’,
795 2064 857 2115 leg.
868 2061 1091 2115 Ἑτεροιλκέῖ,
