1764 3419
391 228 478 291 5ss
588 193 1453 277 ANNoTATIONEs

386 313 539 353 nonlicet
549 315 630 354 mihi
643 314 784 366 otiosum
798 313 880 366 effe,
896 325 969 364 pro
979 342 991 360 ‚
1005 322 1048 352 ut
1063 310 1207 352 otiosus
1223 311 1303 352 fim.
1324 311 1462 352 Eadem
1485 311 1635 354 ratione

385 366 516 411 ἔξεστι
528 396 540 415 ,
553 368 658 420 quod
672 369 842 407 dativum
857 365 1044 417 postulat,
1066 366 1177 404 habet
1191 364 1313 406 accus.
1330 365 1406 418 seq.
1420 364 1526 405 infin.
1546 367 1642 408 Luc.

386 420 445 460 vl
456 451 467 467 ,
481 436 519 470 4.
531 420 619 461 Vid.
636 434 706 461 nos
719 421 765 460 ad
778 422 822 459 de
835 418 962 458 sacrif.
977 431 1010 458 c.
1025 418 1092 458 ult.
1107 417 1132 458 f.
1153 419 1264 459 Addo
1277 418 1422 459 Aelian.
1435 418 1551 466 XIV,
1567 420 1613 460 18
1626 449 1640 469 ,

385 475 451 514 ubi
467 476 707 515 nominativo
729 472 999 525 praecedente,
1019 471 1260 512 accusativus
1279 482 1407 512 tamen
1427 484 1517 511 cum
1536 472 1644 515 infin.

385 527 555 580 sequitur
565 535 577 568 ε’
593 541 680 568 nam
695 526 823 576 ,πολλῷ
843 529 914 573 ait,
930 528 1008 581 γὰρ
1033 526 1125 576 ᾤετο
1144 526 1379 579 πικροτέραν,
1393 521 1441 565 ὦς
1459 528 1504 565 το
1529 526 1644 574 ems,

384 577 481 620 εἶναι
501 582 678 634 τιμωρίαν
698 581 846 629 ἐκεῖνος,
860 581 896 620 ἐν
915 580 1110 631 Ὀλυμπίᾳ
1122 579 1303 629 θεώμενος
1317 602 1361 609 -—
1378 576 1576 620 ὀπτᾶσθαι
1589 610 1602 627 ,
1621 582 1642 623 ἣ

385 634 493 672 ἀλεῖν
504 634 603 684 μύλῳ
617 633 891 687 παραδοθέντα.
904 633 1042 674 Noster
1057 634 1140 673 lov.
1154 632 1270 673 Conf.
1284 646 1317 673 c.
1329 647 1354 683 7
1369 633 1393 672 f.
1406 630 1442 673 οὗ
1457 635 1536 692 ’χὰς
1548 633 1640 673 ἀπο·

382 686 529 739 χρῆσαι
545 685 673 728 αὐτοῖς
684 691 728 727 το
741 687 948 728 ἀθανάτους
964 686 1059 728 εἶναι
1072 717 1083 734 ,
1095 687 1162 726 ubi
1182 688 1223 727 δι
1239 686 1437 727 ἀθανάτοις
1452 692 1546 728 εἰναι
1561 687 1640 730 fine

385 743 430 777 τὸ
443 741 567 780 dicere
582 740 769 793 potuiffet.
785 741 855 781 Sed
870 754 950 793 quo
966 741 1072 792 plura
1089 742 1126 780 in
1142 753 1182 780 re
1203 739 1298 781 facili
1311 740 1326 778 ἓ
1339 740 1448 789 Alia,
1463 753 1561 794 quae
1575 754 1642 781 an-

383 794 542 842 notavi,
566 795 688 840 dabo,
715 795 780 834 ubi
805 805 956 847 tempus
976 795 1188 847 permittet,
1218 793 1401 846 locusque
1424 793 1640 847 postulabit.

384 846 496 885 Alios
511 847 658 888 interim
675 846 916 888 accusativos
932 860 1002 901 pro
1015 848 1261 888 nominativis
1276 847 1421 900 positos
1439 848 1525 888 vide
1540 849 1639 900 apud

384 899 592 940 Kusterum
610 902 655 940 ad
672 901 865 954 Aristoph.
883 901 977 941 Plut.
991 916 1027 939 v.
1048 916 1107 953 55,
1122 901 1160 940 δι
1177 915 1251 940 220
1264 901 1584 955 ‚&531.R13u·z.

437 958 510 993 ead.
526 955 550 993 l.
567 954 602 993 8.
620 955 713 1003 Ξίφη
729 954 1043 1008 ἐλεφαντόκωπα)
1058 955 1205 994 Heliod.
1220 956 1282 993 lib.
1299 969 1332 995 2.
1348 955 1521 995 BouRn.
1538 956 1638 1010 Regi

381 1005 531 1047 scenico
545 1008 674 1048 tribuit
688 1009 874 1060 Micyllus
891 1007 975 1060 ξίφη
990 1008 1289 1056 ἐλεφαντόκωπα
1302 1039 1312 1056 ,
1331 1009 1398 1048 καὶ
1420 1009 1637 1050 ἐπίσειστον

382 1059 673 1111 κόμην,εόιινηεὶς
691 1063 821 1114 capulis
831 1063 978 1114 gladios,
1001 1063 1033 1101 ξε
1048 1077 1174 1101 comam
1194 1063 1429 1109 ventilantem,
1450 1062 1500 1103 fic
1521 1063 1637 1102 inter-

382 1127 479 1166 pres.
506 1115 576 1155 Sed
608 1117 682 1156 hoc
701 1116 827 1155 nullus
849 1115 1069 1155 mortalium
1095 1115 1277 1168 intelligit.
1300 1116 1398 1165 Κόμη
1421 1116 1639 1157 {vicanos-

382 1167 437 1206 est
452 1183 546 1208 coma
560 1171 667 1220 promi
697 1186 719 1208 a
730 1200 742 1216 ,
757 1181 854 1222 quae
868 1169 1035 1222 flagellat
1054 1169 1220 1209 cervices
1230 1199 1244 1216 ,
1264 1184 1358 1209 coma
1371 1185 1461 1223 vaga
1479 1171 1514 1209 δ’
1533 1171 1637 1210 volu·

381 1222 463 1267 cris,
478 1234 519 1262 ut
530 1224 665 1264 Tertul
683 1225 791 1262 ianus
809 1222 993 1275 loquitur,
1008 1235 1106 1276 quae
1124 1234 1236 1262 motu
1249 1224 1423 1275 corporis
1436 1235 1501 1263 aut
1519 1237 1635 1265 aurae

381 1273 490 1314 facile
511 1288 700 1316 movetur.
715 1276 850 1316 Pollux
863 1277 935 1325 1V,
955 1289 1020 1330 19,
1038 1277 1103 1316 ubi
1118 1277 1192 1329 agit
1205 1277 1249 1316 de
1263 1276 1432 1330 personis
1445 1276 1636 1319 Comicis:

381 1328 435 1378 τῷ
448 1328 492 1368 se
513 1330 717 1380 ἑπισεάστῳ
732 1331 942 1381 στρατιώτῃ
957 1330 1036 1370 ’όντι
1047 1361 1058 1378 ,
1072 1329 1133 1369 καὶ
1146 1331 1299 1381 ἀλαζόνι
1312 1360 1324 1379 ,
1344 1332 1407 1369 καὶ
1420 1330 1486 1371 τὴν
1499 1334 1635 1384 χροιὰν

378 1384 541 1432 μέλανι,
560 1386 623 1423 καὶ
642 1383 709 1424 τῗτν
722 1385 852 1434 κόμην,
867 1383 1102 1423 {maioma
1121 1383 1161 1421 αἱ
1182 1386 1326 1438 τρίχες.
1345 1384 1557 1432 Μὶὶιὶνενο,
1576 1386 1635 1438 qui

381 1452 404 1475 a
418 1453 511 1475 coma
532 1439 703 1477 dicebatur
723 1437 958 1483 ἐπίσειστος,
971 1437 1007 1475 G·
1025 1437 1222 1476 iaaahundo
1234 1467 1245 1483 ,
1260 1438 1304 1489 est
1317 1438 1408 1477 color
1419 1439 1453 1476 δ’
1472 1453 1566 1478 coma
1580 1440 1634 1478 ni-

377 1502 450 1541 ger,
469 1503 642 1530 moventur
659 1491 723 1531 seu
743 1492 918 1530 vibrantur
937 1491 1063 1543 capilli.
1088 1490 1330 1531 Philostratus
1350 1491 1387 1530 in
1409 1491 1634 1544 imaginibus

378 1544 554 1582 deleribit
569 1545 803 1596 Cyclopem,
822 1544 968 1598 χαίτην
983 1544 1205 1584 &vandovra
1223 1545 1331 1597 ὀρθὴν,
1351 1545 1413 1584 καὶ
1435 1545 1640 1596 ἀμφιλαφῆ

377 1597 515 1637 πίτυος
527 1598 649 1644 siam,
663 1602 836 1637 inflantem
849 1603 948 1638 renos
965 1600 1070 1637 crines
1085 1599 1119 1637 6·
1131 1599 1256 1638 multos
1268 1600 1372 1652 instar
1388 1614 1535 1651 quercus.
1550 1599 1632 1640 Ta·

376 1650 421 1690 lis
434 1650 650 1692 ἑπίσειστος
663 1653 754 1702 κόμη
771 1653 859 1692 mihi
875 1652 1027 1691 videtur
1039 1650 1207 1703 conspici
1219 1652 1258 1690 in
1274 1652 1480 1692 Alexandri
1499 1653 1631 1706 Magni

377 1716 554 1749 nummo,
564 1719 679 1759 quem
693 1719 780 1745 cum
795 1707 877 1752 alii,
891 1716 972 1744 tum
986 1705 1150 1746 lacobus
1161 1705 1327 1758 Sponius
1338 1706 1520 1758 nuperius
1531 1717 1631 1747 attu-

375 1757 418 1796 lit
433 1758 469 1797 in
484 1760 785 1812 Antiquitatibus
797 1758 956 1799 curiosls
966 1759 1116 1800 Gallice
1129 1759 1244 1799 editis.
1255 1759 1426 1801 ΘΒΜ-ν.

430 1814 504 1851 ead.
523 1814 547 1852 l.
564 1827 621 1853 ιο.
644 1813 899 1865 Προσκρούσας
912 1836 956 1843 -—-
970 1812 1164 1867 παρεῖχε)
1185 1812 1247 1852 De
1270 1813 1512 1854 histrionibus
1531 1814 1630 1868 regis

374 1864 576 1919 personam
590 1868 806 1919 gerentibus
815 1896 826 1915 ,
844 1870 882 1907 'v‘v
895 1866 954 1912 δὲ,
975 1863 1035 1906 οἶα
1047 1870 1178 1906 πολλὰ
1187 1867 1358 1920 γίνεται,
1373 1866 1629 1920 προσκρούσας

374 1933 437 1959 τις
450 1914 572 1959 αὐτῶν
592 1921 628 1960 ἐν
642 1924 737 1972 μέσῃ
752 1920 804 1971 ‘riv‘
823 1920 938 1970 σκηνῇ
950 1934 1171 1970 καταπεσᾈ,
1192 1934 1216 1972 ¹)
1227 1920 1353 1960 έλωτα
1365 1920 1516 1961 swas&
1531 1936 1628 1973 παρ-

371 1971 462 2027 εῖχε
480 1973 556 2012 τοῖς
577 1974 750 2014 θεαταῖς.
768 1977 936 2027 Quodsi,
955 1976 1072 2027 qualia
1082 1976 1272 2026 plerumque
1285 1975 1460 2020 accidunt,
1482 1974 1626 2028 ipsorum

373 2028 497 2079 aliquis
509 2029 706 2080 impingens,
721 2031 829 2068 media
850 2030 884 2067 in
895 2028 999 2080 seem
1018 2031 1118 2067 cadat
1128 2059 1140 2076 ‚
1159 2027 1261 2080 risum
1275 2027 1419 2080 proftHo
1433 2040 1542 2068 movet
1545 2028 1627 2081 spe·

372 2082 559 2120 (latoribus.
575 2082 634 2122 Sic
649 2084 956 2134 interpretantur.
971 2082 1014 2121 In
1029 2080 1098 2121 Ms.
1112 2094 1184 2133 pro
1195 2082 1449 2134 προσκρούσας
1465 2081 1625 2122 habetur

372 2133 672 2184 κενεμβατήσας,
692 2135 733 2174 &
746 2149 817 2188 pro
831 2135 1000 2189 παρεῖχε
1012 2166 1023 2181 ‚
1041 2137 1221 2188 παρέχοι.
1234 2136 1478 2175 Vocabulum
1497 2148 1626 2176 rarum

369 2188 425 2226 est
439 2188 692 2239 κενεμβατεῖν,
709 2191 744 2227 in
763 2190 869 2229 locum
889 2205 1033 2229 vacuum
1053 2190 1180 2237 venire,
1193 2189 1256 2228 ubi
1276 2188 1320 2228 sit
1335 2189 1542 2231 cadendum
1554 2219 1566 2237 ‚
1583 2201 1625 2230 ut

369 2239 398 2280 fi
414 2242 498 2294 quis
511 2253 617 2293 putet
629 2242 664 2281 se
676 2255 743 2295 per
759 2242 886 2290 scalas,
902 2243 970 2281 illis
983 2243 1130 2288 ablatis,
1143 2256 1191 2281 ex
1205 2243 1362 2282 editiore
1377 2244 1466 2283 loco
1481 2242 1627 2283 descen-

368 2295 481 2341 dere,
496 2296 639 2335 neceffe
653 2295 705 2334 est
724 2308 766 2336 ut
786 2298 905 2337 cadat.
919 2296 1145 2336 Plutarchus
1157 2297 1193 2335 in
1205 2296 1392 2335 Flaminio
1406 2326 1417 2343 ‚
1439 2309 1524 2336 cum
1540 2309 1626 2337 nar-

368 2348 500 2396 raffet‚
513 2349 685 2390 Graecos
699 2351 735 2388 in
754 2351 852 2390 ludis
873 2349 1042 2397 lsshmiis,
1062 2351 1258 2401 praeconis
1272 2363 1425 2396 vocem,
1442 2363 1517 2404 qua
1529 2350 1624 2390 libe·

366 2414 434 2442 ros
447 2403 532 2443 illos
545 2403 617 2446 effe
630 2403 780 2444 iusserat
790 2433 800 2449 ,
820 2415 927 2443 tanto
942 2403 1126 2455 excepisse
1141 2403 1288 2455 plausu,
1308 2414 1349 2443 ut
1363 2405 1473 2444 corvi
1495 2403 1622 2456 super·

366 2456 547 2496 volantes
560 2458 597 2496 in
617 2457 773 2497 stadium
791 2458 1018 2503 deciderint,
1040 2457 1191 2497 causam
1217 2457 1326 2497 huius
1342 2457 1395 2496 rei
1408 2457 1548 2496 reddit:
1566 2457 1623 2496 αι’-

365 2510 435 2553 ‘55‘oe
446 2509 490 2552 δὲ
504 2508 523 2554 ἦ
539 2509 606 2554 τοῦ
621 2511 726 2566 ἀέρος
741 2510 857 2566 ῥῆξις.
877 2510 967 2553 ὅταν
981 2509 1092 2569 ‘figit
1112 2510 1212 2564 φωνὴ
1233 2510 1358 2554 πολλὴ
1375 2510 1441 2554 καὶ
1460 2512 1620 2571 μεγάλη
