1764 3419
434 244 526 299 372
779 203 1416 283 vAnrAE'

434 323 511 375 νὶς)
526 321 693 377 γεγωνὶν
707 332 822 372 marg.
839 321 886 358 A.
903 333 936 358 1.
980 321 1068 371 Pag.
1083 318 1171 372 289.
1183 320 1205 358 I.
1221 333 1254 372 3.
1274 321 1366 371 Γᾶς)
1382 319 1426 360 δὲ
1440 320 1494 359 Fl.
1532 322 1560 360 vl.
1578 333 1608 374 ς.
1618 320 1696 360 Me-

434 375 639 428 ταπηὲῶν)
659 375 715 413 Ex
731 375 770 413 L.
789 376 828 412 &
844 374 881 412 Ρ.
891 372 1112 412 Ἀναπηὸὦν
1127 372 1209 411 edd.
1252 373 1276 411 l.
1294 371 1488 426 7.”Εχοις)
1505 374 1611 427 ἔχεις
1623 376 1694 414 mi-

434 443 505 468 nus
518 430 618 469 reete
629 428 878 478 FLVulgatae
892 424 1085 464 assentitur
1097 425 1172 464 Th.
1187 426 1290 477 Mag.
1317 429 1389 465 ead.
1402 426 1694 479 Ὀρθρευὸμενος)

435 483 730 535 ἑπορὸρευὸμενος
746 479 1007 530 P.Vulgatum
1021 478 1144 517 servat
1157 479 1236 517 Th.
1252 479 1397 532 Magist.
1413 480 1468 517 FI.
1487 480 1561 520 &c.
1615 481 1639 519 l.
1655 479 1695 519 8.

434 533 672 584 Ἀνατεῖλαι)
692 533 867 585 ἀνίσχειν
885 531 936 571 G.
965 533 987 570 l.
1003 546 1038 583 9.
1058 530 1247 596 Kpmrfsoe)
1262 531 1422 583 κριπῖἒα
1436 533 1491 571 Fl.
1521 536 1594 572 ead.
1609 538 1696 585 Προ-

435 588 524 626 οὲοῦ
538 590 600 634 ἔσῃ
618 585 729 624 τοῦτο
748 586 784 624 ἐς
806 588 859 623 τὰ
882 584 1063 637 ἀλφιτα)
1087 584 1130 623 ι’ν’
1146 585 1277 624 {caim
1297 584 1351 624 τὰ
1374 588 1466 635 ἀλφ.
1483 587 1535 625 Fl.
1556 585 1696 625 omisso

434 643 545 681 etiam
561 637 729 691 orpooso-J.
759 641 782 677 ί.
802 639 859 677 16.
879 639 942 677 col.
965 652 994 676 1.
1015 637 1308 692 Παιδαγωγοῗ)
1327 638 1574 692 παιδογογοῢ
1592 640 1697 692 lege-

434 695 557 738 batur,
579 693 685 744 quod
708 703 855 731 mutare
878 704 957 730 non
974 690 1055 730 sum
1079 695 1236 731 veritus.
1261 691 1318 731 Ex
1345 693 1504 744 vulgato
1527 691 1542 730 ὃ
1564 693 1698 744 Φρίξον

435 749 547 786 etiam
566 745 635 784 feci
650 745 690 792 ὃ,
704 757 746 783 ut
768 745 951 784 referatur
965 745 1011 783 ad
1026 744 1310 797 χρυσόμαλλον·
1327 745 1574 785 masculinum
1591 748 1696 785 enim

435 800 451 837 ὁ
470 801 529 840 hic
545 798 686 838 sensum
703 799 849 838 nullum
869 797 1060 837 fundebat.
1077 799 1186 850 Reitz.
1222 799 1245 836 l.
1264 812 1321 847 17.
1335 799 1398 838 col.
1413 812 1446 837 2.
1461 798 1700 853 Πεπορικὼς)

435 853 492 892 Ita
503 854 586 893 dedi
599 865 645 890 ex
660 853 705 890 G.
717 852 823 891 Edita
831 853 929 891 enim
948 851 1134 890 habebant
1145 852 1373 891 πεπονηκώς.
1383 851 1429 892 C.
1440 853 1696 905 πεπορευκώς.

437 907 556 946 Solan.
593 907 671 944 ibid.
687 906 710 943 l.
730 919 786 956 ¹9·
802 904 1041 957 Προτέλειον)
1056 903 1278 956 πρωτόλειον
1294 905 1434 944 editum
1449 915 1541 944 erat.
1557 904 1698 946 Corre-

438 962 492 999 xit
508 959 634 999 Solan.
663 960 740 997 ibid.
760 960 782 997 I.
798 972 858 1007 27.
871 955 975 1007 'Fa-3¹)
992 958 1066 996 ἔσει
1085 958 1182 997 male
1196 958 1293 997 edita
1311 958 1351 998 δι
1363 959 1424 998 hic
1444 959 1483 998 &
1506 960 1614 1012 supra
1632 960 1695 998 ha-

437 1013 554 1053 buisse
568 1044 580 1058 ,
595 1014 662 1051 vix
678 1025 817 1064 operae
833 1011 885 1051 est
902 1010 1097 1050 monuisse.
1119 1014 1229 1077 Reiti.
1257 1012 1347 1063 Pag.
1374 1025 1458 1063 290.
1477 1013 1497 1050 l.
1513 1026 1548 1063 9.
1562 1010 1698 1065 Ὑμῖν)

434 1066 536 1116 ὑμῶν
551 1067 824 1118 FLVulgatum
837 1064 890 1105 est
904 1066 942 1103 in
957 1064 995 1104 P.
1023 1066 1109 1113 l.14.
1127 1065 1194 1103 Καὶ
1207 1082 1222 1103 ο
1237 1063 1324 1118 τοῦ)
1338 1065 1393 1104 Ex
1405 1065 1442 1104 P.
1457 1065 1549 1104 illud
1561 1068 1626 1104 καὶ
1639 1070 1700 1105 ad-

437 1122 573 1165 ditum,
585 1120 690 1172 quod
703 1120 784 1159 edd.
800 1131 879 1158 non
892 1119 1091 1158 habebant.
1122 1119 1211 1171 Pag.
1227 1132 1313 1171 291.
1326 1120 1349 1156 l.
1360 1132 1422 1158 21.
1433 1120 1495 1159 col.
1506 1131 1536 1158 1.
1549 1120 1698 1173 Φηγος)

437 1175 492 1214 lta
508 1174 665 1214 restituit
680 1173 807 1213 Solan.
832 1185 918 1212 cum
937 1172 1126 1224 legeretur
1148 1172 1291 1211 editum
1306 1172 1442 1225 <pv-y65.
1503 1171 1593 1224 Pag.
1609 1186 1701 1224 292.

438 1230 463 1267 l.
479 1228 512 1267 8.
529 1230 568 1266 Ei
580 1243 654 1267 τινι
669 1227 685 1279 )
701 1225 786 1266 ε’ίτι
801 1225 841 1264 Ρ.
889 1227 913 1264 l.
926 1239 965 1277 9.
983 1222 1115 1278 Αὖτᾰ)
1130 1221 1224 1264 αὗτδ
1241 1239 1357 1278 marg.
1369 1226 1420 1264 A.
1439 1239 1470 1265 Ι.
1520 1227 1543 1264 l.
1559 1239 1617 1265 10.
1634 1227 1700 1265 Λὸ-

438 1281 526 1336 γον)
545 1281 657 1321 Deest
674 1282 710 1319 in
726 1280 780 1318 Fl.
807 1281 831 1318 l.
851 1280 906 1319 16.
917 1281 979 1318 col.
998 1293 1030 1317 2.
1051 1279 1321 1332 Ξυγκωμάζοι)
1338 1279 1572 1332 ξυγκόμαζοι
1588 1280 1702 1328 edita,

438 1336 560 1375 media
573 1336 679 1374 brevi
692 1348 704 1382 3
718 1333 820 1386 quod
836 1333 932 1372 bene
945 1333 1095 1385 quidem
1117 1334 1281 1371 mutavit
1298 1334 1480 1372 Solanus:
1497 1346 1582 1373 cum
1601 1345 1700 1373 vero

440 1389 685 1442 ξυγκώμαζοι
705 1388 817 1426 etiam
834 1385 1038 1438 scripserit,
1059 1385 1098 1424 δι
1113 1386 1289 1436 ξύμπινοι
1301 1416 1314 1433 ,
1329 1387 1434 1439 quod
1451 1387 1590 1426 editum
1603 1399 1701 1434 erat,

438 1443 632 1494 reliquerit
644 1471 654 1487 ‚
674 1453 720 1480 ac
744 1440 944 1492 vulgatum
961 1440 1118 1478 κοινωνοὶ
1134 1451 1259 1479 tamen
1274 1441 1310 1478 in
1327 1440 1507 1480 κοινωνοίη
1524 1453 1699 1481 commu-

437 1497 635 1547 tarit-‚ego
657 1506 699 1534 ut
714 1495 840 1547 priora
856 1494 969 1532 etiam
985 1493 1196 1545 optativam
1218 1492 1378 1532 formam
1403 1492 1610 1540 referrent,
1634 1507 1701 1534 cu-

439 1550 537 1588 ravi.
554 1549 663 1600 Reitz.
717 1549 807 1599 Pag.
822 1560 907 1599 293.
926 1547 949 1585 l.
969 1546 1171 1598 ι.“Οπότε)
1186 1546 1326 1586 εἴποτε
1340 1547 1396 1585 Fl.
1422 1548 1447 1586 l.
1468 1560 1498 1596 5.
1510 1547 1604 1600 Ἀεὶ)
1619 1548 1701 1586 Ab·

439 1603 492 1642 est
506 1603 542 1642 in
555 1604 608 1641 Fl.
637 1603 660 1640 l.
677 1602 711 1641 6.
726 1601 870 1652 Φαίνοι)
888 1599 1043 1653 ἀνίσχοι
1060 1599 1108 1640 G.
1123 1600 1163 1638 &
1181 1613 1297 1652 marg.
1313 1602 1364 1639 A.
1382 1613 1412 1639 1.
1427 1600 1490 1640 Nil
1503 1612 1597 1640 mut.
1610 1602 1697 1641 edd.

439 1659 464 1695 l.
483 1671 540 1709 13.
556 1655 726 1708 Μεμηχά
734 1653 846 1706 νητο)
865 1655 924 1693 Sic
937 1655 1021 1692 edd.
1040 1665 1187 1692 omnes.
1201 1654 1388 1706 Ἐμεμηχ.
1407 1655 1470 1693 vel
1491 1654 1700 1695 ἐπεποίητο

440 1711 483 1750 L.
497 1711 571 1749 vid.
586 1720 682 1748 nott.
698 1709 738 1747 In
754 1720 873 1759 marg.
889 1708 938 1745 A.
961 1721 990 1745 1.
1005 1707 1210 1746 ἐπεποίητο
1226 1708 1341 1746 etiam
1355 1706 1524 1760 adscript.
1598 1710 1622 1748 1.
1636 1723 1697 1757 14.

436 1760 561 1817 Ἄρην)
574 1763 634 1802 Sic
648 1762 731 1802 edd.
745 1761 786 1801 &
802 1760 840 1801 Ρ.
853 1758 936 1813 Ἀρη
952 1762 1007 1800 Ft.
1036 1762 1059 1799 l.
1078 1761 1133 1800 16.
1151 1760 1252 1799 Ἀντὶ
1263 1760 1331 1800 τοῦ
1346 1761 1515 1814 κράνους)
1531 1762 1617 1802 ἀντὶ
1631 1759 1701 1802 τοῦ

444 1818 584 1868 κόρυθος
599 1829 716 1868 marg.
733 1816 782 1853 A.
801 1829 833 1853 1.
892 1815 979 1868 Pag.
998 1828 1086 1866 294.
1102 1815 1124 1852 l.
1143 1827 1174 1864 3.
1189 1812 1337 1868 Αὖτοῦ)
1357 1815 1474 1854 Abest
1487 1828 1508 1854 a
1520 1816 1575 1854 Fl.
1628 1816 1651 1855 l.
1665 1816 1703 1856 8.

445 1867 572 1910 Οἷσδα
584 1872 657 1923 ἄρα
675 1873 738 1908 τον
758 1867 977 1922 Πυθαγόραν
994 1872 1191 1920 Μνησαρχ.
1210 1868 1373 1921 Σάμιον)
1384 1869 1532 1915 ἀκούεις
1547 1871 1635 1908 τινα
1652 1873 1707 1909 Π.-

444 1929 562 1963 ΜΝ-
581 1929 681 1974 Σαμ.
699 1922 739 1961 Ρ.
751 1923 957 1974 Vulgatam
974 1922 1057 1961 edd.
1071 1921 1221 1961 servant
1238 1921 1275 1960 in
1292 1922 1504 1975 prioribus3
1516 1921 1577 1962 sed
1589 1924 1703 1962 omit-

442 1988 527 2018 tunt
549 1982 618 2017 Μν.
638 1983 739 2026 Σαμ.
754 1988 900 2029 praeter
915 1975 970 2015 ed.
989 1976 1032 2014 P.
1052 1987 1153 2027 quae
1166 1974 1289 2014 habet.
1342 1977 1368 2015 l.
1384 1989 1439 2015 12.
1456 1976 1700 2027 Ἐκτράπεζον

443 2030 690 2082 ἀποφαίνων)
706 2030 946 2081 ἐκτράπεζον,
970 2028 1107 2068 ἄπονον
1131 2029 1350 2079 ἀποφαίνων
1367 2029 1448 2076 edd.
1467 2042 1626 2083 excepta
1642 2030 1702 2070 fl.

444 2098 544 2134 quae
572 2082 708 2123 ἄπονον
736 2084 906 2136 ignorat,
928 2096 1042 2135 quam
1069 2082 1220 2122 secutus
1241 2081 1335 2122 sum.
1389 2083 1413 2122 l.
1433 2096 1489 2131 ¹4·
1517 2082 1702 2136 Κάκεῖνο)

444 2138 578 2177 ἐκεῖνον
595 2139 649 2176 Fl.
678 2137 767 2189 Pag.
786 2150 871 2189 295.
885 2137 909 2176 l.
922 2137 957 2175 6.
974 2132 1138 2175 Τοῦτάῧ
1150 2135 1279 2187 μακρῷ
1290 2135 1425 2175 ἐκείνου
1442 2136 1590 2189 τερατ.)
1605 2134 1700 2176 w?-

443 2206 497 2230 τα
514 2190 645 2243 μακρῷ
660 2191 796 2229 ἐκείνου
816 2189 1128 2242 τερατωδέστερα
1148 2191 1203 2227 Fl.
1219 2190 1425 2242 Vulgatam
1442 2202 1544 2230 tenet
1557 2191 1595 2230 Ρ.
1610 2203 1698 2230 cum

444 2245 491 2283 P.
506 2246 545 2285 &
561 2256 661 2298 cett2
701 2245 723 2283 l.
738 2258 793 2295 19.
809 2245 869 2282 col.
889 2258 920 2281 2.
936 2243 1140 2296 Μίκυλλος)
1157 2242 1241 2282 Post
1253 2243 1269 2282 ὅ
1283 2243 1471 2283 Μίκυλλος
1487 2245 1522 2284 in
1535 2243 1618 2283 edd.
1633 2245 1699 2283 ad·

444 2299 603 2337 debatur
619 2299 677 2336 οὐν
693 2297 910 2346 ἀναμείνας.
927 2297 969 2335 ln
984 2298 1033 2336 V.
1051 2294 1115 2335 οὐκ
1127 2297 1346 2346 ἀναμείνας,
1360 2298 1464 2350 quod
1477 2310 1563 2338 cum
1578 2298 1702 2337 aliun-

446 2352 493 2391 de
506 2352 581 2390 huc
595 2351 781 2403 irrepserit
792 2381 802 2397 ‚
819 2351 1017 2389 delendum
1030 2351 1250 2390 erat.Solan.
1283 2352 1372 2403 Pag.
1389 2351 1474 2403 296.
1488 2352 1512 2390 l.
1531 2341 1702 2404 ιῘἯκον)

445 2404 585 2444 Forsan
599 2401 672 2444 {im
682 2434 694 2450 ,
708 2403 873 2457 adscrips.
887 2404 1014 2443 Solan.
1041 2405 1064 2443 l.
1080 2400 1263 2458 3.”AM<.·)
1277 2403 1338 2444 Sic
1349 2404 1450 2444 reste
1463 2417 1579 2457 marg.
1597 2406 1647 2444 A.
1664 2418 1701 2445 1.

448 2459 487 2497 δι
506 2458 672 2497 Ρ.”Αλλο
684 2458 768 2497 edd.
784 2470 871 2497 cett.
887 2471 990 2496 omn.
1029 2459 1052 2497 l.
1069 2472 1099 2508 5.
1114 2457 1344 2511 ’.Εέηέόκειή
1359 2458 1567 2510 ἑβεβρώκεις
1581 2471 1700 2511 marg.

447 2514 521 2551 A.1
536 2515 591 2551 W.
641 2512 663 2550 l.
681 2524 738 2560 14.
755 2511 939 2564 Πότερον)
959 2511 1102 2562 πότερα
1121 2524 1239 2564 marg.
1265 2514 1316 2551 A.
1336 2525 1367 2552 1.
1415 2514 1438 2551 l.
1458 2525 1517 2565 ¹5·
1533 2512 1596 2552 col.
1612 2511 1699 2551 1:⁸³

1057 2716 1074 2757 9
