1764 3419
430 227 524 279 334
735 209 1387 259 LUCIANI

503 323 655 360 AAEK.
682 303 749 357 Το
778 302 902 368 δεξιον
932 309 1078 360 τοίνυν,
1103 302 1184 374 ὅτῳ
1214 298 1266 356 ἄν
1290 299 1380 369 ἐγω
1411 303 1692 368 ἀποσπάσας

426 384 658 455 παράσχω
685 380 815 444 ἔχειν,
845 384 883 438 ἐς
912 380 1000 432 ὅσον
1033 376 1085 432 ἂν
1112 360 1373 451 βουλωμοιι,
1395 387 1572 445 ἀνοίγειν
1597 406 1642 436 τε
1667 388 1691 436 5

426 484 599 517 τοιουτος
627 481 783 509 πασαν
808 455 947 528 θυρῶν
978 454 1172 512 duva-rou,
1201 479 1278 507 κοιι
1308 461 1401 529 ὅροιν
1429 480 1489 509 τοι
1514 457 1691 516 πάντα,

426 541 511 598 οὐχ
536 533 727 605 ὁρωμενος
754 555 891 589 οιυτος.

505 627 618 663 MIK.
641 607 879 668 Ἐλεληθεις
896 629 975 676 με,
998 613 1031 657 ὠ
1053 601 1313 678 ἀλεκτρυων,
1330 631 1406 659 και
1430 631 1483 660 συ
1505 631 1606 674 γοης
1621 607 1692 663 οἷν.

429 685 522 757 ἐμοι
547 686 589 735 δ’
612 681 675 736 οὐν
695 708 736 744 ην
760 685 874 734 τοῦτο
899 681 1031 746 ἅπαξ
1049 691 1308 754 παράσχῃς,
1331 682 1495 748 ὄψει
1450 708 1512 735 τοι
1534 684 1695 754 Σίμω-

428 785 489 820 νος
508 783 657 812 παντοι
677 762 713 811 ὲν
728 761 900 845 βραχεῖ
913 759 1020 829 ὃευρο
1034 756 1377 829 μετενηνεγμένοι·
1398 766 1579 827 μετοίσω
1600 783 1695 829 ’γαρ

428 842 546 889 ccv-roc
567 835 800 907 παρελθών.
822 839 840 886 5
864 825 907 886 δε
936 833 1049 894 αὖθις
1077 835 1366 909 περιτρώξεται
1393 841 1612 890 ἀποτεινων
1634 856 1698 888 τοο

428 911 714 983 καττύματα.

505 1006 656 1041 ΑΛΕΚ.
674 988 748 1041 Οὐ
767 983 903 1056 θέμις
923 982 1139 1052 γενεσθαι
1155 1010 1284 1038 τουτο.
1302 984 1581 1079 παρηγγειλε
1600 1009 1695 1055 ‘yae

431 1071 451 1117 5
474 1057 693 1138 Ερμης,
671 1089 713 1125 ην
742 1063 911 1115 τοιοῦτον
937 1084 976 1113 τι
1005 1062 1242 1135 ἐργάσηται
1273 1067 1291 1114 5
1318 1059 1426 1126 ’ἔχων
1452 1086 1498 1115 το
1526 1085 1694 1136 πτερον,

429 1139 745 1203 ἀναβοησοιντοι
759 1162 816 1210 με
834 1141 1167 1211 καιτοιῦωρᾶσοιι
1189 1138 1325 1191 αὐτόν.

508 1234 620 1270 ΜΙΚ.
633 1217 852 1268 ΗΑπιθωνον
872 1212 1031 1280 λέγεις·
1050 1213 1236 1276 κλέπτην
1255 1239 1320 1267 τον
1333 1213 1484 1288 Ἑρμην
1503 1210 1625 1267 αὐτον
1639 1212 1699 1267 ὃν·

431 1317 492 1347 τω
509 1318 589 1351 τοις
610 1292 809 1354 ἄλλοις
791 1295 946 1346 Φθονεῖν
968 1291 1038 1342 τοῧ
1066 1315 1253 1344 τοιουτου.
1284 1297 1480 1361 ἀπίωμεν
1501 1291 1546 1343 δ’
1565 1290 1694 1362 ὅμως

432 1366 658 1438 ἀξῑέξομοοι
684 1367 777 1435 γέιρ
799 1368 868 1419 τοῧ
891 1373 1085 1448 χρυσίου,
1108 1393 1149 1429 ην
1169 1366 1369 1436 δυνωμοιι.

509 1462 659 1498 ΑΛΕΚ.
678 1445 979 1499 Αποτιλον,ὠ
1003 1445 1240 1500 Μίκυλλε,
1260 1467 1442 1518 προτερον
1462 1467 1508 1496 το
1531 1449 1697 1497 πτίλον.

431 1527 476 1574 τί
485 1545 623 1581 τουτο;
651 1520 800 1590 ἄμφω
819 1516 1054 1578 ἀπέτιλας.

487 1645 582 1687 Gall.
606 1646 798 1687 Dextram
822 1646 936 1700 igitur
954 1645 983 1685 s1
1004 1646 1068 1686 cui
1089 1645 1299 1686 habendam
1318 1645 1545 1700 praebeam,
1567 1659 1704 1701 quam·

432 1711 498 1750 diu
523 1710 718 1757 voluero,
739 1709 802 1750 ille
824 1710 970 1763 aperire
985 1709 1141 1749 ianuam
1162 1721 1478 1763 unamquamque
1495 1709 1642 1764 potest,
1660 1709 1705 1752 &

431 1772 562 1813 videre
575 1803 586 1820 ,
608 1786 689 1813 non
708 1770 812 1812 visus
838 1770 937 1826 ipse,
955 1771 1099 1811 omnia.

489 1837 579 1875 Mic.
601 1834 829 1875 Nesciebam
843 1865 855 1883 ,
875 1845 912 1874 te
931 1846 1090 1887 quoque
1102 1864 1115 1882 ,
1135 1831 1232 1885 galle
1244 1864 1255 1882 ,
1273 1831 1597 1886 praestigiatorem
1615 1833 1703 1878 effe.

434 1895 474 1937 Si
494 1908 589 1949 ergo
607 1896 705 1937 hanc
730 1896 823 1935 mihi
845 1894 958 1935 semel
982 1895 1313 1942 commodaveris,
1326 1894 1475 1934 videbis
1492 1895 1568 1935 huc
1586 1905 1708 1936 trans-

433 1958 509 1998 lata
531 1959 643 1999 brevi
664 1969 841 2012 tempore
860 1957 1026 1997 Simonis
1047 1957 1203 2004 omnia,
1220 1969 1270 1997 eo
1291 1958 1393 1996 enim
1417 1957 1548 1997 abiens
1570 1957 1645 1998 huc
1658 1971 1705 1999 ea

434 2020 677 2061 transferam:
706 2021 770 2061 ille
785 2033 883 2060 vero
898 2018 1028 2060 rursus
1042 2019 1198 2059 arrodet
1210 2049 1221 2065 ,
1241 2019 1330 2059 dum
1350 2019 1549 2073 producit,
1569 2019 1706 2063 soleas.

491 2082 588 2121 Gall.
622 2080 739 2122 Nefas
764 2081 818 2121 est
843 2081 919 2121 hoc
944 2080 1043 2121 fieri.
1075 2079 1271 2133 Praecepit
1293 2081 1395 2119 enim
1430 2080 1521 2120 mihi
1541 2077 1706 2123 Mercu-

434 2143 536 2192 rius,
555 2142 583 2182 fi
603 2144 677 2183 tale
698 2144 790 2196 quid
811 2155 916 2196 agat,
937 2144 1005 2196 qui
1028 2155 1193 2196 pennam
1213 2138 1353 2182 habeat
1365 2172 1380 2189 ,
1399 2152 1443 2182 ut
1457 2155 1572 2184 cantu
1591 2156 1706 2191 meo,

437 2220 519 2260 quo
542 2207 574 2246 is
598 2205 919 2259 deprehendatur,
943 2205 1118 2245 efficiam.

498 2270 588 2308 Mic.
613 2268 705 2308 Non
726 2268 779 2308 est
800 2267 1038 2314 verofimile,
1063 2266 1168 2321 quod
1187 2266 1300 2315 dicis,
1315 2265 1438 2307 furem
1462 2265 1705 2308 Mercurium

437 2330 560 2383 ipsum
582 2329 755 2369 invidere
780 2328 872 2369 illud
898 2330 990 2370 aliis.
1026 2328 1098 2370 Sed
1119 2340 1247 2393 tamen
1276 2329 1480 2370 abeamus:
1504 2328 1706 2371 abstinebo

437 2391 541 2431 enim
567 2403 692 2437 auro,
719 2389 747 2429 sl
773 2402 926 2444 potero.

439 2453 592 2555 lstiGall.
598 2452 745 2555 bEvelle
766 2454 896 2508 prius,
920 2453 1106 2507 Micylle‚
1133 2465 1312 2508 pennam.
1341 2453 1453 2507 Quid
1476 2452 1582 2495 hoc?
1603 2451 1708 2497 evel-

455 2529 464 2555 1
535 2528 595 2556 am
625 2528 676 2556 as.
