1764 3419
319 229 420 274 IN
484 226 983 274 TOXARIN.
1125 234 1274 288 .461

27 316 90 362 ni,
112 314 200 354 item
214 314 285 354 alla
301 328 349 355 ex
367 313 480 354 eiusd.
491 314 598 354 Dial.
613 315 767 354 Meretr.
784 314 876 354 XIII
899 314 982 366 post
994 314 1089 353 med.
1105 314 1144 354 &
1159 314 1281 357 Deor.

29 363 134 410 Dial.
146 367 239 407 VIII
254 382 307 421 pr.
321 369 413 407 Item
431 368 608 419 Sympos.
620 382 651 407 c.
663 385 735 416 44,
752 369 814 407 ubi
829 367 947 407 ἓιεῖλε
964 371 1005 406 τὸ
1027 369 1165 418 κρανίον
1181 392 1223 397 -
1242 371 1281 407 ἐς

26 421 93 463 ὃύο
113 423 343 470 videbimus,
357 423 444 461 item
460 434 508 460 ex
527 421 724 461 Demosth.
739 421 828 461 Phil.
841 422 912 464 lv,
927 435 1010 473 pag.
1032 421 1088 472 58.
1105 421 1141 460 N
1145 435 1187 461 ec
1200 435 1281 461 non

27 475 165 526 Polyb.
178 475 219 514 L.
233 488 267 522 2,
281 489 312 515 c.
330 475 390 522 16,
401 475 514 521 addit,
528 476 595 527 qui
610 475 768 526 plenius,
783 475 965 528 σχίζεται
979 474 1028 513 εἰς
1042 474 1108 513 soa
1118 476 1208 525 μέρη
1219 477 1284 515 ait.

27 529 98 569 Sed
111 538 153 568 ut
166 529 257 580 μέρη
278 527 385 580 saepe
399 528 498 567 abest
519 529 556 567 in
578 528 650 568 hac
669 528 708 567 δι
722 528 800 567 aliis
819 529 1100 576 locutionibus,
1120 528 1190 579 (de
1205 542 1280 580 qua

27 580 140 634 ellips.
153 582 230 621 vid.
251 581 291 622 L.
305 581 383 620 Bos
405 581 460 620 lit.
484 582 561 634 M.)
589 582 637 620 ita
655 582 821 620 abundat
846 583 956 628 alibi,
976 592 1019 620 ut
1036 595 1092 634 ap.
1110 581 1281 633 Alcipluz

25 632 80 674 III
93 662 104 681 ‚
120 634 234 688 Epist.
260 649 306 686 54
320 647 373 686 pr.
395 634 412 673 {i
433 634 515 674 πῶς
535 638 578 674 τὸ
594 635 732 687 ἀνθηρὸν
745 633 855 674 τοῦτο
876 635 926 674 εἰς
936 636 1025 688 μέρη
1043 636 1281 689 κατερῥωγος

23 686 173 738 ἱμάτιον
193 688 310 739 φορῶ;
329 688 474 727 RE1TZ.

82 741 169 794 Pag.
184 756 199 780 1
210 755 268 780 20.
280 743 303 779 l.
319 756 353 780 2.
368 739 642 793 Πυροωιτωθεὶς)
655 739 848 793 Corrupta
860 741 960 780 haud
975 742 1086 781 dubie
1099 755 1179 782 vox
1194 759 1204 791 ;
1218 756 1279 782 cu-

25 793 88 833 ius
110 794 296 847 posterior
315 807 400 847 pars
422 793 564 846 τρωθεὶς
585 793 667 833 fuit.
693 794 763 834 Sed
789 808 978 848 quaenam
1010 796 1082 835 alia
1110 809 1189 835 vox
1214 796 1282 836 sub

23 862 188 898 πυρακτ.
213 848 344 895 lateat,
367 846 446 887 fine
472 847 660 887 Codicum
679 861 756 900 ope
779 862 904 887 meum
928 850 987 889 hic
1007 850 1179 889 divinare
1200 863 1280 889 non

23 900 89 940 est.
104 900 244 940 Forsan
270 914 416 940 tantum
437 900 699 952 παρατρωθεὶς,
719 901 845 941 forsan
863 903 1115 956 κατατρωθεὶς
1131 904 1281 956 scripse·

26 964 98 993 rat.
111 954 155 993 In
169 955 274 993 libris
289 955 378 993 nihil
391 953 550 993 subfidii.
565 954 722 994 SOLAN.

77 1011 150 1047 ead.
163 1008 188 1047 l.
199 1022 235 1059 7.
251 1007 399 1048 Koa-riche
411 1007 622 1060 ἓιῃρμένος)
637 1010 690 1047 At
709 1007 818 1062 supra
842 1022 875 1049 c.
891 1023 914 1062 9
939 1010 1037 1049 circa
1056 1010 1120 1049 fin.
1145 1011 1280 1050 habui-

27 1074 111 1100 mus
127 1060 328 1113 ἓιῃρημένει
350 1074 427 1100 una
443 1062 570 1099 vocali
585 1061 751 1108 auffius,
768 1063 813 1102 de
833 1076 914 1116 quo
934 1064 985 1102 ibi
1004 1077 1162 1104 monere
1183 1065 1280 1104 obli-

24 1124 86 1154 tus
104 1114 183 1154 sum
197 1146 208 1164 ,
230 1115 334 1167 quod
351 1115 386 1153 id
408 1114 646 1166 reliquerim,
667 1127 709 1155 ut
730 1117 768 1154 in
791 1117 872 1156 edd.
893 1118 1045 1156 inveni:
1065 1131 1150 1157 nam
1173 1120 1214 1159 &
1228 1118 1279 1159 sie

24 1167 198 1207 scribitur
211 1169 309 1221 apud
324 1168 428 1208 LXX
441 1199 452 1216 ,
471 1167 570 1207 Dan.
587 1183 608 1207 2
621 1199 632 1216 ‚
649 1182 704 1218 14.
717 1169 770 1208 At
785 1170 822 1208 in
840 1171 916 1210 hoc
930 1171 1033 1210 Tox.
1049 1184 1131 1224 cap.
1147 1186 1199 1220 40
1220 1186 1277 1225 pr.

21 1221 203 1274 ὃιῃρμένοι
226 1234 424 1262 exaratum
446 1232 528 1260 erat
541 1250 552 1269 ,
573 1234 615 1261 ut
630 1222 701 1261 hic.
717 1223 854 1274 Quare
867 1224 1073 1276 utrobique
1093 1225 1277 1265 diversam

21 1274 241 1327 scripturam
261 1276 420 1323 retinui,
439 1275 529 1327 quia
547 1286 708 1328 utraque
731 1278 881 1316 videtur
901 1278 1018 1317 bona.
1039 1278 1184 1317 RE1Tz.
1204 1279 1275 1318 Sed

21 1328 321 1381 distInguendum
344 1327 485 1368 fuerat:
503 1342 588 1368 nam
611 1328 822 1381 ἓιῃρημὲνος
842 1329 894 1370 est
909 1344 931 1369 a
951 1329 1118 1384 διαιρέω,
1136 1333 1249 1371 divido
1260 1348 1277 1380 ;

22 1381 212 1435 ὃιῃρμένος
234 1395 330 1422 vero
352 1396 373 1422 a
392 1381 542 1436 ἓιοιίρω,
556 1383 648 1423 tollo.
661 1384 747 1423 Vid.
765 1384 812 1423 ad
825 1384 891 1424 Bis
909 1385 1005 1425 Ace.
1017 1398 1100 1439 cap.
1117 1385 1276 1426 2.1D1·:M

19 1435 58 1476 in
73 1439 228 1475 Addend.

76 1490 166 1543 Pag.
186 1503 269 1529 121.
285 1490 308 1529 l.
327 1489 666 1544 5313m21'03nmv)
688 1490 731 1530 In
753 1491 929 1531 omnibus
952 1503 1063 1532 antea
1083 1492 1278 1546 legebatur

21 1543 268 1598 ἐπείσθημεν·
288 1556 363 1596 ego
377 1544 556 1583 audacter
571 1546 742 1594 mutavi,
755 1547 931 1599 quamvis
951 1547 1062 1586 etiam
1087 1546 1175 1586 ferri
1192 1546 1277 1599 pos-

19 1595 68 1637 fit
91 1608 242 1650 recepta
265 1595 460 1650 scriptura.
484 1597 593 1649 Quid
622 1598 834 1649 σπένέομαι
865 1601 1010 1649 valeat,
1040 1600 1170 1640 notius
1198 1601 1276 1648 est,

22 1663 139 1703 quam
156 1663 197 1690 ut
211 1663 402 1690 moneam.
425 1651 581 1691 SOLAN.
594 1651 841 1705 Ἐπείᾳ-ᾒιιμιεν
854 1653 871 1706 )
884 1654 968 1706 Ego
983 1666 1061 1694 non
1081 1655 1132 1694 ita
1149 1656 1274 1694 audax

19 1704 156 1753 fui‚ut
171 1705 247 1744 hoc
268 1715 401 1744 contra
426 1718 559 1744 omnes
585 1705 666 1745 edd.
683 1706 722 1745 &
746 1705 868 1746 Codd.
886 1719 1092 1756 mutarem3
1111 1710 1274 1747 maxime

17 1769 180 1811 propter
190 1757 348 1810 sequens
362 1758 495 1810 ὃόξοιν,
507 1772 552 1798 ex
567 1772 647 1810 quo
661 1760 778 1812 magis
789 1759 1053 1815 consequitur,
1064 1763 1215 1814 reliquis
1227 1775 1278 1801 ex

15 1812 204 1864 ,opinione
217 1822 282 1851 aut
295 1811 478 1865 suffragio
490 1810 720 1853 Arsacomae
731 1813 949 1867 persuasum
960 1846 973 1862 ‚
993 1826 1035 1855 ut
1049 1817 1146 1855 idem
1164 1815 1277 1855 senti-

18 1876 116 1905 rent.
135 1865 218 1905 Etfi.
232 1865 333 1905 enim
358 1865 576 1917 σπένὸομοιι
599 1868 795 1920 egregium
819 1868 893 1917 est,
912 1881 1003 1908 cum
1027 1870 1071 1909 de
1097 1882 1187 1922 pace
1210 1881 1276 1909 aut

17 1917 174 1959 foedere
188 1920 353 1959 ineundo
367 1921 511 1972 agitur3
533 1930 575 1959 ut
590 1922 689 1972 apud
712 1922 919 1962 Herodian.
935 1921 994 1971 11,
1011 1937 1055 1962 12
1067 1953 1081 1969 ,
1102 1938 1136 1976 5,
1153 1938 1275 1962 κατοι-

22 1973 173 2023 oris-<ores
188 1973 430 2027 γράμματα,
452 1972 504 2012 ᾸὛ
519 1969 565 2013 ἱῖἷν
583 1974 790 2014 ἐσπένὲετο
803 1974 849 2014 s),
869 1979 958 2028 πρὶς
975 1979 1037 2016 τὸν
1053 1975 1219 2029 Σεβῆρον,
1235 1978 1275 2015 li-

0 2040 1 2058 *
22 2038 113 2066 teras
125 2027 232 2078 mifit,
251 2025 504 2080 quibusfoedus
512 2041 671 2079 pangeret
691 2044 764 2068 cum
779 2031 900 2068 Severo
906 2046 923 2077 ;
941 2029 958 2082 (
969 2029 1032 2070 seu
1054 2031 1158 2069 malis
1179 2044 1277 2070 con-

0 2079 191 2135 j'struere,
205 2081 317 2119 liceras
336 2082 423 2132 mifit
437 2083 487 2119 ad
497 2081 680 2134 Severum)
699 2083 783 2135 quis
804 2083 1119 2124 demonstraverit
1137 2084 1171 2122 id
1189 2085 1276 2124 ideo

0 2142 2 2173 Ι
19 2133 304 2181 intrudendum,
317 2134 380 2173 ubi
393 2135 576 2175 orationis
589 2134 695 2174 filum
712 2137 770 2175 alii
786 2137 908 2176 verbo
929 2137 1168 2178 conneffitur
1179 2137 1193 2176 ?
1204 2137 1277 2177 Sed

16 2185 183 2227 inventis
197 2187 330 2227 nostris
345 2188 456 2227 nimis
476 2189 679 2240 gaudentes
694 2190 805 2229 nobis
817 2190 862 2230 de
880 2190 973 2231 felici
985 2190 1150 2232 succeffu
1166 2192 1275 2230 nimis

21 2241 135 2280 etiam
157 2240 284 2286 subito
298 2241 545 2294 gratulamur,
560 2256 630 2282 nec
652 2243 815 2296 amplius
834 2245 980 2298 reliqua
1002 2245 1272 2298 ponderamus.

21 2293 71 2335 Et
84 2294 211 2335 nescio
222 2325 235 2342 ,
257 2308 306 2334 an
324 2295 477 2348 quidem
491 2294 746 2347 ἑσπείσθημεν
760 2296 810 2337 fic
825 2297 964 2350 paffive
981 2312 1054 2350 pro
1076 2299 1202 2338 medio
1218 2299 1275 2337 di-

22 2359 143 2388 catur.
158 2349 256 2388 Nam
273 2362 360 2389 cum
373 2348 556 2400 Thucyd.
572 2350 646 2396 ΙΙΙ,
665 2365 677 2389 1
690 2365 704 2390 1
717 2365 749 2398 1,
764 2352 837 2399 ait,
849 2352 901 2392 Ἔν
925 2354 1046 2402 τούτῳ
1068 2351 1105 2391 5⁰
1122 2351 1154 2390 οἱ
1171 2356 1272 2390 Μαι-ι

23 2402 152 2451 πνεῖς,
172 2403 235 2442 καὶ
259 2399 312 2442 oi‘}
332 2403 511 2442 ἕσπειστο
524 2433 535 2449 ,
554 2426 598 2433 -
616 2403 826 2456 ἐξελθόντες
849 2406 1035 2457 ἀπῄεσαν,
1055 2406 1176 2444 interea
1197 2420 1273 2445 vcro

22 2456 270 2508 Mammenses,
282 2457 316 2495 δ’
331 2458 443 2504 ceteri,
456 2459 577 2509 quibus
591 2473 632 2498 ex
640 2461 738 2512 pablo
747 2460 894 2513 potestas
899 2459 997 2513 sabla
1011 2481 1055 2490 -—
1068 2461 1177 2514 egreffi
1188 2460 1274 2498 ahie-

19 2522 116 2560 mnt,
138 2510 210 2551 alia
232 2524 292 2552 res
314 2509 377 2551 est.
400 2510 540 2551 Rmz.
