1764 3419
326 239 636 286 1N10VEM
669 239 1095 288 TRAGOEDUM.
1161 269 1163 273 .
1244 257 1330 308 555

81 336 167 370 non·
181 340 259 371 tam
273 331 319 372 de
332 332 528 385 stipendio,
544 333 586 373 &
599 333 828 378 commodis,
853 345 968 384 quam
983 332 1027 371 de
1040 345 1197 372 munere
1209 333 1249 373 &
1265 336 1337 375 ho-

84 395 182 424 nore
196 385 281 438 agi:
303 386 420 426 malui
436 387 508 426 hoc
524 385 641 438 sequi,
662 386 979 438 quod&Sch01ia
1000 386 1045 424 ad
1066 387 1105 424 h.
1123 386 1145 425 l.
1167 388 1336 437 primum

87 449 251 488 ponunt,
265 439 303 478 δι
321 451 343 479 e
356 440 467 479 Suida
481 439 631 490 probari
646 439 769 492 potest
779 469 793 486 ,
805 440 846 479 &
861 439 1111 480 confirmatur
1123 451 1170 477 ex
1182 441 1334 480 Aeliani

84 490 270 539 Tafflcis,
284 493 386 544 apud
401 506 514 545 quem
528 506 611 545 pag.
625 506 673 532 20
695 493 823 532 Blanc.
835 494 956 544 λόχος
978 493 1016 531 in
1038 494 1184 546 aliquot
1198 494 1336 543 ἐνωμο-

84 542 170 583 τίας
189 545 387 594 dividitur3
406 547 538 586 deinde
549 547 683 586 dicitur
697 560 731 599 p.
747 561 767 584 2
777 560 808 591 ι,
830 549 902 586 τὰς
915 545 959 585 ἑὲ
972 545 1036 585 ὃὺο
1050 547 1254 596 ἐνωμοτίας
1267 548 1337 586 Σι-

79 598 240 649 μοιρίοιν,
262 600 399 639 καὶτὸν
420 597 618 654 ἦγοὺμενον
634 600 774 639 τούτων
794 599 998 651 ἓιμοιρίτην
1018 601 1174 639 καλοῦσι
1197 615 1233 638 u..
1244 616 1280 640 τ.
1295 612 1334 640 λ.

84 650 177 689 Hoc
190 664 291 692 certe
302 665 460 706 apparet
470 683 484 700 ,
507 652 768 706 praefeelurae
779 653 972 693 cuiusdam
992 666 1132 693 nomen
1148 655 1246 707 apud
1258 654 1336 695 Ae-

82 702 226 744 lianum
241 705 446 758 ὃιμοιρίτην
462 707 592 758 potius
602 705 675 746 effe
687 737 698 751 ,
723 719 838 758 quam
849 707 1053 746 commodi.
1072 708 1200 748 GESN.

136 762 209 798 ead.
225 759 247 798 l.
261 759 298 798 8.
311 759 623 813 ΔεινονΥΑοκνον,
639 761 743 812 quod
761 760 842 799 edd.
859 773 991 799 omnes
1005 774 1152 811 praeter
1163 763 1254 800 Iunc.
1267 762 1337 802 ha·

19 825 24 829 ’
82 810 236 859 bebant,
247 813 400 852 videtur
412 813 517 853 fuiffe
532 815 792 865 interpretatio
805 813 873 852 τοῦ
885 813 1012 860 seium,
1026 814 1066 853 &
1081 814 1130 854 fic
1144 815 1339 868 irrepsisse.

82 862 221 916 Quare
238 867 311 906 hoc
322 868 495 919 praetuli,
510 868 595 907 licet
607 867 850 920 paucioribus
863 866 1018 906 testibus
1033 867 1235 908 firmatum.
1253 870 1337 908 Ma-

78 917 200 958 iorem
216 921 315 959 enim
328 921 409 960 vim
425 921 550 970 habet,
570 922 597 960 s1
611 921 792 960 mirabilem
806 921 845 960 δι
859 920 964 973 quasi
987 923 1156 961 terribilem
1170 923 1337 962 natando

71 971 201 1021 dicas,
225 987 340 1026 quam
365 975 557 1027 impigrum,
583 975 688 1028 quod
704 975 858 1026 vulgata
875 974 988 1014 leffio
1005 976 1166 1016 exhibet.
1193 976 1233 1015 ln
1259 990 1337 1028 qua

74 1027 245 1078 strenuum
257 1038 383 1067 tamen
395 1028 452 1067 edi
466 1028 589 1078 paffus
601 1028 680 1067 sum
694 1057 705 1075 ‚
724 1029 814 1081 quia
827 1028 947 1068 savhe
965 1028 1104 1068 ufitato
1118 1030 1252 1069 Latino
1267 1043 1339 1069 vo-

79 1079 221 1120 cabulo
237 1082 303 1120 vix
321 1092 447 1120 tamen
460 1081 546 1121 satis
565 1080 808 1136 ἑνεργετικὶὂς
822 1083 923 1122 reddi
945 1084 1105 1134 peterit;
1125 1097 1193 1122 nec
1202 1098 1338 1135 potens,

80 1134 236 1172 terribilis
248 1133 480 1175 satisfaceret
505 1135 638 1175 lectori
653 1136 787 1175 Latina
800 1135 877 1175 sola
892 1136 1124 1188 intelligenti.
1154 1138 1337 1190 Exempla

79 1200 176 1227 vero
189 1188 365 1241 phraseos
381 1188 500 1229 seim
513 1189 631 1229 ποιεῖν
652 1205 691 1228 τι
708 1189 794 1229 sunt
808 1189 938 1229 obvia.
951 1189 1120 1242 Alciphr.
1135 1190 1170 1238 Ι,
1186 1191 1251 1243 Ep.
1276 1204 1336 1240 10,

81 1254 165 1293 pag.
179 1242 242 1295 38,
263 1242 292 1282 οἱ
307 1245 358 1281 τὰ,
371 1243 541 1294 μετέωροι
555 1243 680 1282 semoi-
697 1244 718 1282 i.
734 1256 766 1282 e.
784 1244 988 1297 Astronomi.
1008 1243 1155 1283 Aelian.
1174 1245 1221 1282 V.
1239 1244 1337 1284 Hist.

77 1294 130 1333 III
142 1325 156 1342 ,
183 1309 216 1344 1,
239 1298 343 1335 κατὰ
366 1298 605 1350 χειρουργίαν
621 1296 750 1336 δεινός.
771 1296 879 1336 Adde
891 1296 993 1336 Suid.
1009 1311 1047 1335 v.
1059 1297 1263 1347 κλείει-σφας.
1288 1298 1336 1337 Et

75 1348 294 1397 Interprett.
310 1349 356 1389 ad
365 1350 449 1389 Ael.
469 1351 506 1396 I,
524 1365 558 1399 1,
579 1351 647 1390 ubi
663 1350 770 1390 clavo)
785 1352 889 1389 κατὰ
904 1351 1045 1389 κοιλίαν
1059 1350 1091 1388 οἱ
1103 1351 1337 1390 πολύποδες.

75 1402 138 1441 Sic
157 1401 276 1443 ὃεινὶς
291 1405 431 1457 λέγειν,
444 1403 639 1457 Aristoph.
659 1404 760 1443 Ach.
776 1404 875 1452 4283
895 1405 1001 1455 quod
1024 1404 1124 1443 recie
1140 1416 1266 1444 tamen
1282 1405 1336 1443 ibi

73 1457 242 1501 'vertitur
253 1458 368 1507 dicax,
381 1458 419 1496 in
439 1458 574 1497 malam
589 1457 668 1497 fere
682 1469 839 1511 partem.
853 1458 949 1496 Nam
965 1457 1084 1497 δεινὸς
1098 1459 1249 1509 proprie
1264 1474 1337 1497 ma-

75 1509 146 1548 lum
169 1511 262 1563 quid
286 1511 380 1556 effe,
405 1512 506 1551 refie
521 1512 671 1564 quidem
692 1525 740 1551 ex
754 1510 846 1550 Plat.
860 1512 899 1549 in
912 1511 1064 1561 Protag.
1079 1524 1161 1563 pag.
1177 1513 1266 1557 206,
1282 1512 1335 1550 ait

75 1563 254 1604 Horreus
278 1565 315 1604 in
336 1564 428 1605 Obs.
442 1565 537 1605 Crit.
552 1566 597 1604 ad
610 1565 800 1604 Herodot.
815 1578 900 1617 pag.
917 1580 976 1617 33.
1002 1565 1165 1604 Platonis
1189 1566 1334 1617 quippe

73 1618 196 1657 verba
208 1617 316 1657 sunt:
336 1621 383 1657 Tb
398 1620 476 1672 ’γὰρ
490 1623 671 1663 ΔΕΙΝΟΝ,
696 1619 803 1669 φησὶ,
826 1619 940 1658 καλὸν
962 1618 1076 1658 ἐστιν.
1103 1614 1222 1658 οὖὸεὶς
1236 1618 1333 1670 ’γοῦν

74 1671 183 1724 λέγει
199 1670 382 1712 ἑκάστοτε
397 1671 532 1717 ι«.·ἱ“εινοῧ,
547 1671 631 1712 οὐὸὲ
647 1671 769 1713 δεινῆς
782 1670 929 1723 εἰρήνης,
945 1667 1028 1711 οὗὲὲ
1043 1671 1165 1712 secvri}
1181 1671 1335 1724 ὑγείας·

74 1725 185 1764 ἀλλὰ
200 1725 320 1766 savir}
335 1726 452 1771 νόσου,
473 1726 535 1765 καὶ
557 1725 681 1766 sento-J
693 1727 878 1776 πολέμου,
902 1728 965 1764 καὶ
980 1725 1100 1765 δεινῆς
1112 1727 1259 1765 πενίαις·
1282 1721 1332 1765 ὥς

73 1776 142 1818 τοῦ
157 1783 329 1818 ΔΕΙΝΟΎ·
341 1778 462 1818 κακοῦ
474 1779 591 1820 ’όντος.
609 1780 756 1819 Verum
770 1779 1006 1826 nihilobstat,
1016 1781 1108 1832 quin
1122 1779 1208 1819 usus
1216 1780 1330 1819 etiam

18 1860 20 1862 v
75 1833 122 1872 ad
138 1845 196 1872 res
207 1833 328 1872 bonas
341 1833 595 1873 transtulerit:
621 1846 706 1872 nam
722 1833 848 1886 &ipse
859 1833 984 1881 Plato,
996 1834 1102 1885 quod
1117 1834 1178 1872 vel
1194 1833 1332 1872 Lexica

73 1898 271 1933 notarunt,
287 1888 323 1925 in
337 1887 420 1927 eod.
434 1886 588 1939 Protag.
606 1887 856 1941 Πρωταγόρας
879 1891 993 1937 σοφὸς
1007 1888 1070 1925 καὶ
1086 1886 1205 1926 (Γεινὸς
1221 1886 1328 1926 ἐστιν

74 1939 177 1990 ἀνὴρ,
194 1941 291 1981 dicit.
303 1940 450 1981 Rursus
461 1941 655 1992 Aristoph.
669 1941 772 1979 Nub.
787 1954 877 1989 242,
898 1940 999 1980 νόσος
1016 1963 1059 1970 -
1074 1940 1230 1985 ἱππικὴ,
1248 1939 1330 1979 δἐι-

73 1993 114 2034 νὴ
132 1994 287 2048 φαγεῖν,
302 1996 325 2033 i.
343 2008 375 2034 e.
386 1995 543 2047 immensa
555 1995 736 2042 voracitas,
751 1996 789 2033 in
804 1995 887 2033 mal.
903 2006 996 2045 part.
1010 1994 1080 2033 Sed
1093 1995 1192 2033 ratio
1205 2005 1325 2033 trans-

70 2046 222 2087 lationis
235 2048 279 2087 ad
293 2048 461 2088 afflones
481 2048 748 2094 vehementes,
767 2060 918 2099 quaeve
943 2048 1171 2100 spessatores
1195 2048 1231 2085 in
1246 2046 1326 2087 stu-

73 2113 211 2154 porem
226 2101 398 2154 rapiunt,
417 2101 502 2141 satis
516 2112 619 2154 patet
630 2101 914 2154 contemplanti.
937 2101 1104 2152 Ideoque
1116 2102 1328 2152 elegantius
1365 2119 1367 2121 ¹

72 2167 119 2194 ac
144 2155 258 2207 longe
283 2155 478 2208 potentius
503 2157 578 2195 hoc
601 2155 764 2195 verbum
784 2155 958 2194 debiliori
978 2155 1085 2194 facile
1104 2156 1139 2193 in
1152 2155 1327 2194 Luciano

71 2210 330 2259 praetulimus.
344 2208 457 2260 Quin
471 2209 512 2248 δι
529 2209 575 2248 ad
589 2210 747 2249 urinandi
760 2219 879 2248 artem
895 2210 1027 2261 tnagis,
1041 2222 1155 2261 quarn
1171 2208 1216 2247 ad
1234 2208 1323 2246 sun·

70 2261 210 2314 plicem
225 2263 494 2310 narrationem,
507 2263 566 2302 hic
580 2262 866 2315 respiciendum,
886 2263 952 2301 etsi
965 2261 1157 2312 κολυμβᾷν
1171 2273 1323 2300 utrum-

69 2328 149 2368 que
169 2316 444 2369 compleffltur.
472 2317 633 2369 Alioqui
650 2313 775 2370 νήχειν
791 2315 969 2367 potuisset
989 2316 1133 2362 dicere,
1159 2314 1185 2354 fi
1198 2316 1243 2354 de
1256 2327 1322 2354 na-

69 2370 172 2410 tandi
184 2369 263 2409 sola
273 2381 366 2414 arte,
379 2382 458 2409 non
471 2370 676 2421 mergendi,
692 2369 866 2409 voluiffet
880 2370 999 2422 loqui.
1024 2370 1164 2408 Rffl‘rz.

125 2423 161 2462 in
182 2424 296 2464 schol.
311 2424 373 2463 col.
390 2438 424 2463 2.
441 2424 463 2462 l.
483 2424 520 2463 6.
541 2423 684 2474 Ἀρετὴν
700 2423 857 2476 τέλειοι)
869 2423 952 2462 Ant
967 2434 1065 2462 errat
1076 2421 1298 2462 Scholiastes
1309 2450 1323 2469 ,

69 2487 137 2515 aut
150 2487 354 2529 corruptus
366 2476 420 2517 est
431 2491 453 2516 a
467 2477 639 2516 librariis.
656 2477 711 2518 At
721 2489 818 2520 vero
831 2477 881 2518 fic
897 2477 1009 2518 etiarn
1019 2477 1157 2531 legitur
1172 2476 1208 2515 in
1223 2476 1318 2516 Exc.

71 2531 121 2572 G.
135 2531 174 2572 &
185 2531 223 2572 in
236 2531 404 2585 margine
415 2531 459 2572 C.
480 2530 636 2572 §orm
