1764 3419
306 246 374 291 IN
408 245 625 291 IovEM
659 244 1088 290 TRAGOEDUM.
1159 269 1162 272 -
1240 263 1323 311 553

70 345 142 381 ve3
162 341 288 373 tamen
309 334 349 374 δι
377 333 609 374 substantive
625 335 670 373 de
691 334 776 373 Salt.
801 346 832 373 c.
850 347 885 386 5,
904 333 1028 384 ὀλέθρῳ
1043 335 1117 373 τινὶ
1141 333 1330 385 ἀνθρώπῳρ

69 387 131 426 Ac
153 387 307 438 pluralis
332 389 371 426 in
393 389 475 427 aliis
496 387 677 426 similibus
696 388 792 428 adeo
811 386 863 427 est
878 386 1073 439 frequens,
1089 399 1131 426 ut
1157 388 1230 426 iam
1249 399 1329 439 per-

69 441 244 491 quirere,
268 442 332 480 ubi
355 443 468 480 etiam
484 440 618 494 ’όλεθροι
644 441 784 494 legitur
806 442 991 494 amplius,
1009 453 1151 494 operae
1176 454 1256 481 non
1271 444 1330 482 vi-

69 494 211 532 deatur.
234 494 378 535 Rmz.

120 549 192 585 ead.
205 547 228 586 l.
247 562 277 600 5.
294 547 512 599 Kaeoepcpsbc)
530 548 674 598 Apollo
688 580 698 595 ,
718 561 764 587 an
781 548 1017 588 Mercurius?
1038 547 1204 588 Guur.

119 604 194 639 ead.
208 602 229 638 l.
243 615 280 651 7.
299 601 590 656 Ἐπισ-φάιττεις)
608 603 756 641 Vocem
773 604 867 642 hanc
879 615 927 641 eo
949 601 1053 641 sensu
1071 604 1169 642 haud
1184 613 1327 643 temere

65 654 244 705 reperias.
263 654 456 694 Servanda
469 667 606 695 tamen.
622 656 776 696 SOLAN.
791 659 929 695 Mafflzs
943 656 1119 694 dederant
1133 657 1223 695 olim
1240 655 1327 696 satis

65 707 256 760 ambigue.
280 708 350 748 Sed
364 710 500 758 occidis,
520 710 582 748 vel
599 711 769 756 obtutum,
790 710 1013 748 vertendum
1031 710 1167 758 cred03
1187 709 1212 749 sl
1232 722 1326 762 pro-

64 760 225 804 bumest
247 761 513 810 ἐπισφάττεις.
538 763 652 802 Conf.
675 775 802 801 tamen
829 762 940 815 supra
961 763 1326 812 ἀποσφαττομένους

63 813 104 853 in
123 827 206 854 var.
221 815 339 858 Leett.
362 828 393 855 c.
411 830 472 854 22.
485 816 924 866 R131TzstA7rom2-ruu
947 815 1017 854 Ms.
1030 817 1126 869 Reg.
1152 831 1265 869 2955.

120 868 210 919 Pag.
229 868 316 919 278.
331 870 352 907 l.
368 884 400 921 3.
414 872 533 909 Kanbv
550 870 718 922 ἐπηχεῖ)
733 870 843 908 Τουτὶ
863 870 968 909 πόθεν
991 868 1075 919 ἧμῖν
1096 873 1139 909 τὶ
1164 876 1324 924 dlxx->40⁹

62 924 179 959 κακὸν
196 922 359 976 ἑπηχεῖ;
374 922 442 962 Ms.
458 923 563 962 τουτὶ
576 924 680 961 πόθεν
696 922 778 971 ἧμῖν
793 927 835 962 τὸ
848 924 1005 975 &uec->201¹
1019 927 1131 963 κανὼν
1147 923 1324 973 {midam

62 972 236 1015 GRAtv.
254 975 423 1016 Ἐπιῖλθεν
445 976 526 1016 Mff.
545 976 622 1016 Ox.
646 978 686 1017 δι
704 977 742 1015 Ρ.
768 977 806 1015 &
829 988 992 1028 utraque
1010 979 1137 1015 Veneta
1159 979 1321 1024 reffius,

59 1039 176 1079 quam
192 1029 358 1083 ἐπηχεῒ,
374 1030 478 1082 quod
493 1030 529 1068 in
547 1029 714 1084 reliquis.
738 1030 780 1069 In
798 1030 899 1070 Coll.
920 1041 1048 1070 tamen
1066 1030 1215 1071 Scholii
1238 1043 1322 1071 tan·

57 1087 140 1121 tum
155 1082 279 1122 vicem
292 1084 449 1122 obtinet.
465 1083 623 1123 SOLAN.

72 1128 86 1142 ‘
110 1138 184 1180 ead,
196 1137 219 1174 l.
232 1138 268 1179 6.
284 1136 476 1190 Μάιρπτει)
489 1137 587 1177 Vide
599 1137 758 1177 Homer.
775 1136 818 1175 11.
837 1142 887 1184 O,
906 1151 918 1175 ι
929 1150 988 1190 37.
1005 1137 1162 1177 SOLAN.

111 1192 184 1229 ead.
197 1191 371 1239 l.14.’E·.rri
385 1189 458 1231 τῶν
474 1190 564 1230 θεῶν
580 1189 803 1245 ἀφιγμένος)
814 1192 903 1230 Ἀπὸ
917 1203 964 1229 au
979 1191 1020 1230 ἐκ
1033 1205 1103 1243 pro
1119 1191 1182 1231 ἐπὶ
1194 1192 1320 1245 legen-

56 1241 175 1283 dum?
196 1243 320 1284 Editio
340 1243 427 1296 Bas
453 1244 564 1283 habet
585 1246 693 1295 περὶ,
715 1256 815 1295 quae
832 1244 944 1284 leffio
968 1257 1045 1283 non
1063 1245 1202 1298 placet:
1225 1259 1318 1284 ver-

55 1293 116 1334 sus
137 1296 190 1336 est
210 1298 391 1337 trimeter.
416 1297 477 1337 Sic
497 1309 622 1337 autem
648 1298 848 1349 legendus:
873 1296 1020 1337 Ἐκεῖθέν
1044 1300 1151 1337 ποθεν
1178 1299 1220 1338 ἐκ
1244 1299 1317 1338 τῶν

0 1371 1 1402 ᾗ
56 1349 146 1389 θεῶν
165 1350 384 1403 ἀφιγμένος.
405 1350 672 1392 GUYET.Post
686 1354 888 1390 inventum
907 1353 1014 1404 παρὰ,
1030 1363 1108 1391 non
1129 1353 1202 1390 iam
1217 1365 1317 1404 opus

57 1403 130 1442 erit
149 1403 192 1442 ἐκ
206 1405 333 1457 legere
345 1435 358 1451 ‚
376 1417 502 1456 eoque
522 1405 646 1444 minus
659 1435 669 1451 ‚
687 1405 792 1457 quod
808 1418 900 1443 mox
919 1404 961 1445 ἐκ
976 1404 1103 1444 rursus
1117 1404 1316 1459 sequatur:

54 1456 185 1508 quales
201 1458 448 1510 repetitiones
461 1471 522 1498 me
540 1458 690 1512 quidem
712 1471 793 1497 non
814 1456 1071 1506 offenderent3
1089 1471 1168 1498 non
1188 1470 1315 1499 tamen

53 1521 117 1549 eas
130 1523 308 1564 augerem
320 1543 331 1557 ‚
351 1512 416 1551 ubi
431 1512 529 1552 aliud
540 1543 550 1559 ‚
570 1512 676 1563 quod
692 1512 855 1562 probum
872 1511 924 1551 est
936 1543 948 1557 ,
961 1512 1129 1552 invenio.
1145 1513 1248 1553 Bene
1262 1524 1315 1553 ta-

53 1575 140 1603 men
155 1564 282 1606 olfecit
294 1566 497 1618 Guyetus‚
513 1566 595 1617 περὶ
611 1566 650 1604 &
668 1565 732 1604 ἐπὶ
745 1565 874 1605 falsum
889 1565 973 1605 effe.
985 1565 1131 1605 Rmz.

109 1622 182 1659 ead.
198 1619 220 1657 l.
239 1634 249 1657 i
264 1633 294 1670 5.
311 1619 449 1672 Τάφον)
470 1620 570 1658 Vide
583 1618 822 1659 Laetantium
839 1619 934 1659 haec
949 1619 1065 1660 fufius
1078 1619 1314 1660 differentem

53 1668 94 1716 Ι,
120 1686 134 1709 1
147 1687 179 1719 1,
197 1673 234 1712 &
256 1673 438 1715 Nostrum
453 1677 538 1723 Τιμ.
558 1686 589 1712 c.
603 1688 638 1722 4.
652 1672 808 1712 SOLAN.

110 1727 199 1780 Pag.
215 1741 302 1780 279.
317 1728 340 1766 l.
353 1741 387 1779 9.
402 1726 699 1777 Ἀναιὲησᾶιμενος
712 1727 785 1766 τῶν
802 1726 902 1766 ὤτων
913 1726 929 1779 )
942 1727 1129 1767 Hercules
1141 1726 1311 1768 Gallicus

50 1776 146 1819 haec
158 1781 345 1820 enarrabit
359 1794 390 1821 c.
407 1795 440 1832 3.
455 1779 585 1819 Paffim
600 1780 736 1819 eodem
752 1781 892 1820 alludit.
908 1781 1066 1820 SOLAN.

102 1836 177 1872 ead.
192 1835 216 1874 l.
233 1847 250 1872 1
261 1848 291 1873 1.
308 1834 436 1885 Σειρὴν
449 1834 646 1885 χρυσείην)
659 1835 778 1873 Ηοιῃ.
792 1835 831 1873 11.
845 1840 890 1880 Θ,
908 1848 921 1872 1
931 1833 966 1873 8.
980 1834 1135 1874 SOLAN.

104 1887 196 1941 Pag.
211 1887 296 1928 280.
308 1888 331 1927 l.
353 1902 384 1926 1.
399 1887 648 1939 Ἐμτιπλέις)
667 1887 786 1927 Re&e
801 1887 928 1927 rursus
943 1885 1109 1927 eddlrnec
1125 1901 1223 1938 opus
1241 1888 1307 1936 ἐμ-

50 1943 237 1989 πιμπλὰς
259 1940 399 1980 inserto
411 1956 443 1991 μ
458 1941 602 1994 semper
623 1941 781 1980 scribere
794 1973 805 1989 ,
824 1952 869 1981 ut
885 1942 971 1981 alibi
991 1942 1117 1982 voluit
1131 1942 1305 1982 Solanus.

49 1991 138 2034 Vid.
154 2006 284 2035 notata
299 1995 343 2034 ad
357 1995 493 2035 Amor.
509 2008 541 2034 c.
556 2009 615 2043 24.
632 1995 779 2035 Rmz.

103 2049 183 2088 ibid.
195 2051 250 2087 T&
262 2048 430 2102 ἀκάτια)
444 2049 482 2087 ld
496 2048 549 2087 est
559 2079 570 2094 ‚
586 2048 714 2095 ἱστία,
737 2047 904 2099 Hesych.
924 2047 1093 2088 GUYET.

101 2102 234 2142 &2de
249 2101 279 2141 οἱ
293 2101 529 2154 ἐρέττοντες)
548 2101 694 2142 Omiffa
718 2114 807 2141 ante
822 2103 840 2141 ii
862 2115 943 2141 vox
961 2103 1122 2151 μᾶλλον.
1136 2102 1236 2142 Vide
1258 2102 1306 2141 ad

48 2153 136 2195 Iov.
150 2155 266 2196 Conf.
282 2169 314 2195 c.
332 2170 370 2202 7,
384 2155 424 2195 &
437 2155 551 2195 finem
568 2155 682 2195 huius
695 2155 809 2207 ipsius
823 2156 945 2194 libelii.
962 2155 1089 2196 Gnsn.

101 2210 210 2248 ead.l.
229 2223 266 2256 7.
283 2210 418 2255 ΖΕΥΣ)
437 2210 493 2248 Ex
507 2208 725 2248 conieiftura
746 2208 989 2262 personarum
1005 2210 1159 2249 nomina
1178 2222 1304 2248 muta-

47 2263 188 2302 vimus.
207 2262 324 2316 Quae
343 2263 442 2301 enim
466 2275 570 2301 nunc
593 2263 762 2314 Iuppiter
774 2263 959 2313 loquitur,
975 2264 1012 2301 in
1035 2263 1214 2302 omnibus
1229 2276 1302 2301 no·

45 2315 132 2355 stris
140 2316 251 2356 vlibris
264 2316 420 2356 Darnidi
438 2316 570 2355 insulse
585 2316 859 2356 tribuebantur.
876 2316 988 2368 Quin
1008 2317 1046 2355 δι
1067 2316 1201 2355 Codex
1209 2315 1300 2371 ⁶Ox.

45 2371 167 2409 errori
185 2381 402 2410 ceterorum
420 2370 495 2409 hoc
507 2370 643 2409 addidit
653 2400 667 2416 ‚
688 2371 791 2422 quod
810 2383 879 2420 pro
894 2369 909 2408 ὁ
924 2374 1008 2420 Τιμ.
1023 2368 1190 2421 reposuit
1205 2373 1231 2408 ὧ
1243 2373 1300 2407 Tt-

47 2423 212 2475 μὸκλεις.
223 2424 404 2476 Idemque
418 2436 509 2462 mox
523 2436 663 2464 nomen
675 2454 686 2471 ‚
704 2437 790 2462 cum
809 2423 928 2462 statim
943 2424 1158 2475 importune
1172 2436 1298 2462 recur-

42 2484 145 2519 r'eret
155 2507 167 2525 ‚
183 2477 335 2517 delevit.
352 2477 458 2516 Nihil
470 2477 732 2516 emendatione
746 2476 874 2516 nostra
887 2477 1036 2515 certius.
1051 2476 1208 2515 SOLAN.

100 2531 209 2575 caat.
225 2545 283 2573 ια.
295 2530 538 2573 ’Amo-rtem
552 2529 621 2584 ὃὲ)
635 2529 874 2572 Ἀλυσιτειλὲς
889 2529 955 2577 δὲ,
977 2528 1061 2571 οὐδὲ
1082 2531 1221 2583 ἄλογον
1241 2525 1296 2569 οὗ·
