1764 3419
445 223 535 290 538
631 224 1504 272 ANNOTATIONES

440 312 631 352 Addendis
644 314 688 352 ad
702 313 785 353 Cic.
797 313 911 353 Tusc.
928 312 1036 365 Disp.
1050 313 1091 358 1,
1112 325 1146 352 c.
1160 327 1198 364 3,
1220 314 1384 352 συνιέναι
1410 313 1588 366 scripsisse
1600 306 1698 355 arbi-

442 366 666 406 tror.U1us
689 378 816 406 autem
831 379 911 406 erat
921 366 1062 406 Cicero
1075 365 1183 405 simili
1199 367 1378 418 querela,
1403 366 1583 406 scribens:
1606 368 1698 407 Fieri

443 431 552 457 autem
563 422 678 473 potest,
692 433 731 459 ut
750 435 782 457 re
784 424 827 458 He
836 422 910 472 quis
920 420 1060 470 findat,
1072 419 1106 457 G·
1115 420 1169 467 id,
1182 421 1273 471 quod
1273 420 1390 469 serim,
1398 421 1502 470 polite
1509 421 1617 473 eloqui
1627 436 1696 460 rum

439 471 562 524 poffit:
576 473 639 523 fid
649 477 806 511 mandare
819 488 1013 525 quemquam
1034 472 1136 510 literis
1148 472 1472 523 cogitationessuas‚
1494 474 1551 525 qui
1565 489 1623 512 eas
1639 489 1697 514 nee

446 526 615 575 disponere
628 541 687 564 nec
706 527 868 578 illustrare
884 527 1006 578 poffit,
1026 540 1085 564 nec
1105 526 1310 564 deleaaeione
1328 527 1443 578 aliqaa
1458 527 1587 565 allicere
1600 528 1700 567 ledo-

445 579 687 622 rem‚l10minis
699 580 763 629 est
751 591 1000 629 mtemperanter
1007 580 1173 617 abutentis
1183 579 1218 617 δ’
1229 581 1298 618 otio
1313 579 1347 618 ᾧ
1361 579 1475 619 literis.
1492 578 1616 631 Quod
1630 592 1699 620 ve·

443 643 490 669 ro
506 631 563 669 ed.
578 632 688 684 Amst.
707 632 767 670 hic
780 632 877 671 male
892 632 1028 671 habeat
1039 645 1203 671 συνειναι
1221 654 1266 662 -
1282 631 1358 684 ὃξίς
1372 633 1478 680 ἐστι,
1503 645 1585 673 non
1599 645 1701 686 opus

443 683 513 722 erit
526 683 727 724 monuisse.
755 685 902 724 Rfflrz.

496 736 584 787 Pag.
601 750 686 789 257.
701 738 723 776 l.
747 751 775 775 1.
804 742 858 777 Με
843 737 1051 790 εταίχμιον
1075 737 1283 790 ἄσφαλτος)
1303 737 1344 777 ld
1362 736 1439 785 est,
1469 737 1508 777 in
1532 738 1698 778 medium

442 790 644 842 proiiciens
659 792 834 838 oracula,
858 802 900 830 ut
922 793 1109 830 incertum
1125 791 1194 838 fit,
1214 792 1260 831 ad
1272 804 1388 849 quem
1405 791 1574 859 quidque
1588 792 1701 844 perti-

444 854 545 907 neat.
570 842 710 883 Similis
737 843 878 911 phrasis
894 843 991 883 infra
1013 845 1133 883 ’.Εκκλ
1150 857 1230 895 cap.
1253 859 1291 896 3,
1312 860 1370 885 νυν
1379 846 1458 898 γὰρ
1476 845 1514 884 ἐς
1527 847 1572 883 το
1582 846 1697 895 μέσον

444 895 523 934 ἀπε
520 896 683 947 ῥριπται
702 911 757 935 σοι
779 897 795 936 ὃ
813 898 925 950 λόγος
941 898 1014 937 διε.
1033 898 1218 937 KUSTER.
1241 899 1318 937 Hic
1338 899 1474 937 iterum
1493 908 1561 937 aut
1578 899 1700 938 abuti-

443 958 508 987 tur
519 950 590 991 hac
606 963 706 990 voce
721 950 936 997 Lucianus‚
960 963 1027 990 aut
1048 963 1252 1017 c9rruptus
1263 951 1316 990 est
1332 963 1353 990 a
1364 951 1532 990 librariis.
1554 952 1653 992 Vide
1665 965 1700 993 c.

446 1003 499 1049 6,
522 1004 562 1042 δι
576 1003 652 1042 ’.Αλ
667 1016 697 1043 c
716 1003 774 1043 18.
789 1005 843 1043 Η.
859 1017 938 1044 non
953 1004 1124 1057 agnoicit
1139 1004 1342 1054 ἀσφαλῶς.
1355 1005 1454 1054 Vide
1467 1004 1589 1058 Ἀλεξ.
1602 1018 1636 1046 c.
1650 1018 1700 1046 22

445 1055 560 1107 8149.
581 1056 740 1096 SOLAN.

497 1111 575 1147 ibid
601 1110 654 1148 'E5
666 1113 710 1148 τὸ
723 1109 985 1162 μεταίχμιον)
1004 1110 1083 1149 Vix
1103 1110 1180 1159 est,
1203 1121 1245 1150 ut
1267 1110 1531 1172 interpretatio
1541 1110 1700 1164 simplex

443 1163 526 1201 vim
540 1163 580 1202 δι
594 1163 818 1216 elegantiam
839 1164 953 1204 huius
967 1164 1042 1204 loci
1056 1162 1289 1224 assequatur,
1308 1167 1373 1204 cui
1396 1164 1524 1204 similis
1537 1165 1632 1204 alter
1642 1164 1697 1204 est

443 1216 482 1255 in
496 1216 710 1265 spamam
722 1230 801 1257 non
817 1218 951 1278 procul
963 1218 1037 1257 ab
1030 1217 1149 1258 mitio.
1166 1217 1315 1270 Nempe
1323 1217 1565 1269 μεταίχμιον
1576 1217 1631 1258 est
1640 1218 1701 1258 lo·

445 1282 513 1310 cus
526 1271 622 1309 inter
631 1271 723 1310 duas
734 1271 844 1319 acies,
857 1272 930 1310 iam
942 1271 1015 1310 iam
1028 1282 1256 1311 concurrere
1269 1270 1699 1323 parantesstnterieclus:

442 1323 626 1375 quidquid
641 1323 745 1363 estin
762 1325 836 1364 hoc
846 1324 1091 1378 μεταιχμίῳ,
1104 1325 1288 1365 incertum
1304 1325 1372 1370 est,
1385 1326 1493 1365 cuius
1503 1324 1560 1370 stt,
1576 1324 1698 1378 sequi·

443 1387 508 1415 tur
520 1377 729 1418 vifioriam.
744 1378 890 1439 Apollo
903 1378 1058 1417 oracula
1073 1376 1162 1424 sua,
1176 1390 1219 1417 ut
1232 1377 1309 1430 ipse
1329 1390 1433 1418 tutus
1451 1377 1519 1428 fit,
1533 1391 1582 1419 ne
1593 1391 1700 1418 men-

445 1430 544 1469 dacii
560 1442 676 1482 queat
690 1432 896 1479 convinci,
910 1431 1057 1484 proiicit
1079 1431 1115 1470 ἑς
1130 1435 1173 1471 τὶ
1189 1441 1447 1484 μεταίχμιον,
1469 1432 1509 1471 in
1529 1445 1618 1472 eum
1643 1432 1702 1471 lo·

445 1496 554 1530 cum,
575 1485 675 1523 unde
699 1497 832 1536 rapere
855 1485 900 1524 ad
921 1484 958 1524 se
973 1497 1135 1524 conetur
1149 1497 1311 1538 uterque
1325 1486 1599 1538 pugnantium,
1616 1485 1704 1525 vin-

444 1536 545 1577 dicet
566 1536 636 1576 fibi
659 1538 698 1577 δι
718 1538 880 1578 retineat
904 1537 1025 1587 idem,
1050 1539 1118 1591 qui
1141 1538 1183 1578 δι
1197 1551 1373 1591 campum
1396 1539 1488 1579 aciei
1507 1552 1551 1581 ac
1571 1538 1702 1580 vieto-

446 1592 557 1629 riam.
580 1591 709 1631 stn.

501 1644 581 1683 ibid.
592 1644 792 1695 Ἀσφαλῶς
807 1644 1067 1710 ἀποῤῥίπτων)
1081 1645 1257 1697 Ασαφως
1269 1645 1468 1699 legendum
1482 1645 1644 1692 videtur,
1658 1656 1703 1686 ut

446 1696 557 1749 supra
575 1710 609 1737 c.
624 1699 648 1738 6
664 1699 759 1738 med.
783 1699 980 1749 ἀσαφείας
995 1713 1066 1764 pro
1086 1699 1329 1749 ἀσφαλείας,
1353 1699 1395 1738 &
1415 1699 1514 1739 infra
1528 1698 1703 1740 Pseudol-

445 1763 480 1789 c.
496 1764 562 1802 3a.
576 1765 626 1791 m.
642 1752 801 1803 ἀσαφὴς
815 1766 887 1806 pro
902 1751 1094 1804 ασφαλίις.
1115 1753 1283 1794 GUYET.
1301 1752 1377 1793 Etsi
1389 1752 1456 1805 sup
1459 1765 1499 1792 ra
1518 1765 1551 1792 c.
1564 1753 1621 1794 6'
1603 1767 1701 1792 αισα·

445 1805 557 1854 φείας
574 1819 647 1858 pro
668 1807 888 1857 ἀσφαλείας
904 1818 1059 1860 propter
1070 1806 1233 1847 Codices
1252 1807 1425 1858 praetuli,
1442 1806 1546 1867 quod
1559 1807 1612 1846 ibi
1625 1806 1704 1847 len·

447 1858 529 1896 sum
543 1860 728 1920 Ηρτοὺυηι
737 1860 894 1906 fundat,
917 1873 1006 1900 cum
1024 1860 1194 1910 Apollini
1209 1859 1416 1902 obscuritas
1429 1860 1596 1900 vaticinii
1609 1874 1703 1913 pro·

446 1923 531 1964 pter
542 1925 792 1964 ignorantiam
811 1913 1034 1954 futurorum
1049 1915 1326 1980 exprobretur3
1352 1914 1488 1954 dubito
1500 1926 1643 1960 tamen,
1653 1927 1703 1954 an

445 1965 592 2026 semper
606 1966 657 2006 fic
672 1967 882 2019 legendum.
902 1969 975 2007 Hic
987 1980 1089 2008 certe
1105 1981 1191 2008 cum
1207 1967 1444 2019 ἀποῤῥίπτων
1461 1980 1584 2021 aeque
1600 1967 1702 2008 recte

447 2020 693 2078 coniungitur
707 2021 911 2071 ασφαλῶς,
922 2033 1032 2069 caute,
1044 2034 1156 2073 quam
1166 2022 1342 2072 ασαφῶς,
1353 2022 1392 2061 &
1406 2022 1452 2061 ad
1462 2021 1701 2074 prudentiam

447 2085 528 2111 eius
543 2073 674 2124 respici
691 2074 854 2120 videtur,
875 2087 951 2127 qua
964 2086 1098 2122 cavet,
1121 2086 1168 2114 ne
1189 2075 1406 2127 ignorantia
1427 2074 1494 2114 sua
1506 2075 1702 2126 prodatur.

445 2124 502 2164 Ita
516 2126 842 2178 ασῳαλέστερον’
823 2133 997 2178 αποιιρίνιι
1016 2127 1128 2180 supra
1141 2140 1174 2167 c.
1197 2131 1238 2174 6,
1248 2131 1426 2180 prudenter
1437 2128 1648 2180 respondeas,
1662 2143 1705 2167 ne

447 2180 599 2231 capiare:
627 2191 845 2233 notumque
860 2180 913 2220 est
930 2193 1041 2220 vetus
1054 2182 1216 2221 verbum
1239 2194 1287 2221 ex
1305 2182 1437 2248 Eurip.
1457 2182 1597 2222 Phoen.
1613 2194 1704 2234 597,

447 2232 729 2286 Ἀσφαληςγας
742 2234 826 2273 ἐστι
848 2235 1004 2284 αμείνων
1020 2250 1038 2273 n
1054 2239 1194 2286 σρασυς
1213 2236 1497 2296 στρατηλάτης.
1518 2235 1595 2275 Ubi
1619 2250 1705 2275 cau·

447 2300 504 2325 tus
517 2286 621 2326 miles
634 2287 767 2326 audaci
779 2288 999 2340 praefertur.
1015 2287 1053 2327 Si
1068 2300 1193 2328 tamen
1207 2287 1370 2339 ασαφῶς
1382 2301 1431 2328 ex
1444 2289 1546 2328 libris
1559 2288 1705 2340 profer-

446 2350 565 2388 retur,
579 2341 770 2385 cederem,
787 2353 833 2381 ac
849 2341 954 2382 facile
967 2341 1221 2390 admitterem,
1236 2355 1278 2381 ut
1292 2343 1398 2401 quod
1409 2343 1541 2382 me¹ius
1561 2341 1704 2382 cohae-

448 2404 506 2432 ret
519 2406 607 2433 cum
626 2393 726 2446 seqq.
750 2390 797 2433 ὡς
807 2395 896 2434 τοὺς
913 2395 1017 2433 &rodo
1022 2410 1112 2434 γτας
1134 2396 1251 2434 αλλου
1275 2394 1431 2437 &raffau
1448 2395 1600 2445 Πυθίου,
1621 2408 1704 2449 quo

449 2458 552 2487 certe
565 2447 768 2498 obscuritas,
780 2460 858 2488 non
869 2451 982 2487 caurio
989 2448 1237 2515 fignificatur
1257 2448 1398 2488 Rerrz.

499 2501 574 2541 ead.
583 2501 607 2542 l.
624 2514 639 2540 1
651 2513 684 2540 1.
693 2501 822 2554 Δαμιν
835 2497 1127 2555 αὖτοπροσωτον
1138 2516 1202 2543 και
1211 2502 1252 2543 si
1264 2498 1381 2543 αὐτου
1372 2502 1539 2557 λεγειν)
1551 2500 1704 2554 Nescio,
