1764 3419
308 235 380 283 IN
411 232 625 283 IOVEM
656 226 1084 284 TRAGOEDUM.
1158 269 1161 272 ι
1231 246 1257 301 '5
1269 246 1327 304 57'

71 321 112 365 in
131 323 256 364 verbis
275 323 493 378 praemissis,
513 324 720 377 χαρίεντας
733 323 894 365 πολλοὺς
907 341 951 354 ⁶-
971 321 1043 364 ὖπὸ
1058 322 1225 377 χειρόνων
1248 343 1329 366 πα-

73 378 287 428 τουμένους,
299 380 436 430 quibus
449 377 615 417 similiter
629 379 892 429 conqueritur,
906 378 1199 430 praestantiores
1214 380 1260 417 ab
1274 382 1328 419 in-

74 430 279 470 ferioribus
291 432 453 470 ludibrio
467 431 606 470 haberi.
632 430 701 469 Sed
714 432 846 471 melius
857 431 1135 483 Sardanapalus
1148 432 1220 470 iam
1237 434 1330 472 dici·

75 494 139 523 tur
151 485 285 524 eodem
304 498 435 530 more,
460 497 540 536 quo
560 483 771 535 superiores
785 486 822 523 in
836 486 927 524 navi
946 485 1125 524 collocati
1147 485 1258 537 (licet
1274 488 1331 524 in·

74 538 195 590 digni)
219 538 395 577 insultant
413 537 656 576 inferioribus
669 538 917 590 dignioribus,
938 539 1117 590 despuere
1131 539 1169 577 in
1184 539 1277 578 infra
1293 539 1331 580 se

72 591 232 643 positos,
245 592 348 644 (licet
359 592 399 631 δι
410 592 434 629 ii
449 603 584 630 revera
594 591 663 630 sint
680 592 885 645 digniores)
898 593 1073 645 adeoque
1085 592 1147 631 vel
1159 593 1332 634 restituta

73 644 189 685 leffio
204 645 253 684 fic
273 645 486 684 accuratius
501 646 681 684 cohaeret
695 658 781 684 cum
798 646 1021 697 pmemissis,
1047 647 1091 684 ad
1112 659 1214 699 quae
1228 659 1331 688 certe

72 698 168 738 haec
181 696 265 737 sunt
278 699 454 750 aptanda.
474 698 618 736 Rmz.
640 698 795 737 Bonum
815 698 955 738 faetum
978 711 1096 753 puto,
1110 702 1215 752 quod
1231 713 1333 741 rece·
1359 728 1367 729 ff

70 762 181 806 ptum
191 752 228 790 in
240 763 464 791 contextum
475 752 874 803 &interpretationem
887 753 975 792 illud
985 752 1041 801 ὑφ’
1053 750 1192 793 αὐτοῖς.
1201 755 1333 795 ΟεςΝ.

133 806 220 859 Pag.
237 806 324 858 283.
341 807 363 844 l.
379 805 414 844 8.
440 806 588 858 Πρώρας
605 804 855 859 ἐπιμελητὴς)
883 807 1042 858 Πρωρεὺς
1056 807 1118 846 hic
1131 809 1252 860 vulgo
1264 822 1334 848 au-

74 859 216 899 diebat.
228 857 301 898 Ἐτ.
317 858 425 898 XIV.
439 858 701 898 Gubernatori
715 861 893 912 dignitate
904 891 916 908 ‚
929 873 971 899 ut
985 862 1080 900 inter
1095 873 1228 900 nautas
1243 876 1334 913 pro-

73 913 212 952 ximus.
234 913 414 952 Fanzulum
428 913 657 965 gubernatoris
673 925 789 952 vocat
804 914 1025 965 Xenophon
1052 914 1218 965 Οἰκονομ.
1243 915 1331 955 Post

76 967 181 1006 hunc
195 966 330 1018 τοίχου
346 981 489 1019 αρχων,
515 967 560 1005 de
579 966 688 1004 cuius
711 967 841 1006 officio
858 967 1096 1020 disceptatur.
1121 969 1219 1008 Vide
1235 969 1331 1008 Plut.

81 1020 197 1071 1458,
215 1020 326 1059 initio
350 1019 428 1058 fere
441 1021 543 1058 vitae
559 1020 714 1071 Agidis,
729 1020 769 1059 &
784 1022 962 1072 Xenoph.
984 1022 1103 1066 Ἀναβ.
1116 1023 1169 1069 V,
1187 1037 1222 1075 p.
1239 1036 1332 1073 217,

75 1087 144 1126 25:
162 1073 253 1113 ὅταν
268 1072 312 1112 ἑὲ
325 1073 471 1127 χειμὼν
488 1069 531 1123 ἦ,
549 1071 626 1125 οὔχ
642 1072 763 1124 ὁρᾶτε,
781 1074 837 1113 ὅτι
853 1076 915 1112 καὶ
935 1074 1118 1126 νεύματος
1135 1077 1243 1125 μόνον
1260 1074 1334 1116 {²116-

75 1142 127 1167 κα
142 1129 377 1180 χαλεπαίνει
391 1125 458 1177 μὲν
478 1128 638 1180 πρωρεὺς
655 1126 732 1166 τοῖς
753 1128 789 1168 ἐν
803 1130 938 1179 πρώρᾳ,
954 1129 1194 1182 χαλεπαίνει
1209 1130 1253 1169 Σὲ
1268 1145 1334 1169 ›w-

74 1181 247 1233 βερνήτης
260 1180 338 1220 τοῖς
353 1180 388 1221 ἐν
403 1179 555 1231 πρύμνῃ.
579 1181 736 1220 SOLAN.

129 1235 207 1273 ibid.
226 1234 362 1287 Τοίχου
376 1232 525 1286 ἅρχων)
550 1235 624 1273 Hic
637 1235 760 1286 vulgo
779 1234 973 1275 dicebatur
987 1235 1212 1289 τοίχαρχος.
1230 1237 1331 1278 Vide

73 1288 228 1329 Suidam
244 1300 343 1327 voce
357 1289 586 1341 Τοίχαρχος.
608 1289 796 1327 KUSTER.

129 1344 202 1381 ead.
221 1343 245 1382 l.
265 1355 319 1390 ¹4·
344 1340 454 1394 Ῥοῦν)
482 1346 565 1381 Ven.
588 1352 751 1394 utraque
770 1339 858 1381 νοῦν.
883 1341 1167 1394 Reliquaeedd.
1192 1342 1231 1382 8(
1248 1342 1329 1383 Ox.

75 1394 168 1449 ῥοῦν.
196 1395 383 1448 Quorum
412 1407 620 1449 utrumque
646 1395 774 1435 locum
807 1395 868 1434 hic
891 1396 1032 1435 habere
1059 1396 1191 1448 potest.
1225 1397 1333 1437 Plato

75 1450 177 1490 enim
189 1465 223 1490 κ.
237 1447 312 1489 νοῦν
325 1449 468 1502 &yconii
479 1450 544 1490 τὴν
559 1449 665 1489 δῖκην
678 1448 823 1502 scripsit
835 1479 844 1495 ,
861 1449 1014 1502 ed‚Bas.
1027 1464 1060 1500 p.
1076 1464 1090 1488 1
1106 1450 1130 1489 f.
1149 1450 1308 1491 SOLAN.

132 1504 222 1557 Pag.
237 1503 323 1552 284.
338 1504 360 1541 l.
381 1517 412 1543 1.
425 1502 544 1543 Οῦὸὲν
564 1503 736 1557 ἰσχυρὴν)
751 1504 818 1551 At,
831 1502 992 1555 inquies,
1004 1503 1218 1543 laudantem
1236 1518 1333 1556 pau-

75 1557 117 1597 lo
133 1568 221 1597 ante
233 1556 461 1597 inducebas?
481 1557 620 1605 Redie3
634 1570 704 1596 nec
715 1556 855 1596 factum
868 1568 988 1596 muto.
1004 1557 1134 1596 Tanto
1151 1561 1268 1611 magis
1281 1559 1335 1598 ri-

77 1610 199 1651 dicule
216 1611 310 1651 haec
324 1612 498 1651 dicuntur.
510 1624 531 1650 a
552 1611 659 1650 Iove.
683 1611 765 1650 Nec
777 1611 940 1650 verbum
957 1624 1263 1652 commutaturos
1281 1612 1337 1652 sat

75 1665 170 1711 scio,
193 1665 334 1716 quibus
345 1666 407 1704 vis
418 1665 580 1704 Comica
593 1676 685 1704 nota
701 1665 764 1704 est.
788 1665 985 1704 Haeremus
999 1666 1043 1703 de
1056 1666 1212 1704 Luciani
1229 1679 1335 1705 men-

77 1729 136 1760 te:
158 1732 239 1758 rem
254 1718 367 1770 ipsam
382 1732 487 1758 *nunc
504 1719 723 1766 videamus3
745 1718 885 1771 pudeat
904 1720 1004 1758 enirn
1027 1728 1176 1758 tantum
1193 1733 1336 1773 operae

75 1772 116 1812 in
129 1773 282 1812 voculis
297 1773 536 1812 emendandis
548 1802 559 1819 ‚
583 1772 775 1824 elegantiis
794 1773 1050 1819 restituendis,
1072 1773 1239 1812 obscuris
1251 1773 1339 1813 illu-

18 1860 19 1863 ,
78 1827 236 1867 strandis
252 1825 433 1878 posuisse,
454 1839 576 1873 nunc,
601 1839 689 1865 cum
704 1826 815 1865 causa
830 1827 953 1879 agitur
968 1825 1183 1879 graviflima
1197 1829 1237 1866 &
1253 1841 1336 1868 mo-

80 1879 369 1926 mentostffima‚
391 1879 574 1933 personae
590 1890 717 1919 mutae
735 1892 859 1932 partes
877 1894 990 1933 agere
1003 1910 1013 1926 ‚
1036 1882 1174 1920 nedum
1188 1892 1230 1920 ut
1243 1893 1336 1921 cum

79 1934 176 1974 love
188 1935 381 1974 Lucianeo
393 1933 510 1974 risum
526 1934 778 1986 speetatorum
792 1935 1016 1987 adaugeam,
1026 1935 1130 1987 quod
1144 1935 1250 1974 multi
1264 1936 1336 1975 ho-

78 1989 138 2028 die
150 1987 331 2034 faffitant,
344 1988 517 2028 homines
529 1987 700 2042 ’γέλωτος
713 1988 1008 2041 ακρατέστατοι,
1022 1989 1206 2033 Luciano,
1227 2001 1270 2028 ut
1283 1990 1338 2028 in-

80 2043 197 2096 genio
212 2043 397 2090 minores,
415 2043 468 2081 ita
480 2041 708 2082 scelestiores
721 2043 861 2089 multo,
884 2055 971 2083 cum
988 2044 1025 2081 in
1043 2054 1146 2081 tanta
1158 2042 1338 2082 Christia-

81 2108 154 2136 nae
167 2096 336 2136 veritatis
348 2096 436 2136 luce
455 2108 534 2135 non
553 2097 766 2136 caecutiant
780 2097 916 2143 modo,
941 2096 1000 2136 sed
1013 2127 1024 2144 ,
1045 2097 1149 2147 quod
1174 2095 1340 2136 nefariae

80 2151 281 2203 impietatis
291 2149 481 2189 summum
494 2149 561 2198 est,
572 2150 677 2190 dietis
690 2149 907 2202 scriptisque
920 2151 957 2189 id
973 2163 1091 2189 unum
1104 2150 1217 2189 adniti
1231 2164 1338 2190 com-

81 2205 290 2257 periantur,
313 2214 354 2243 ut
366 2204 560 2256 religionis
572 2203 814 2243 fundamenta
824 2215 889 2244 aut
899 2205 1116 2244 convellant
1126 2233 1138 2249 ,
1162 2216 1230 2243 aut
1242 2204 1339 2243 ludi-

83 2258 168 2298 brio
182 2256 236 2298 sui
260 2258 463 2304 similium,
486 2256 637 2296 summo
660 2269 822 2304 conatu,
850 2270 1057 2311 exponant.
1087 2258 1172 2306 Sic,
1189 2269 1231 2296 ut
1244 2259 1339 2297 alios

83 2313 274 2357 omittam,
288 2322 459 2364 repertus
469 2324 590 2364 nuper
603 2311 702 2364 apud
714 2312 865 2366 Anglos
876 2312 1041 2358 nostros,
1058 2312 1124 2362 qui
1139 2312 1188 2350 im
1195 2323 1339 2351 morta-

83 2366 226 2406 litatem
240 2367 453 2405 animarum
464 2396 475 2414 ‚
497 2377 696 2417 totamque
713 2366 808 2405 adeo
823 2367 1046 2418 religionem
1060 2364 1309 2405 Christianam
1325 2392 1339 2413 ‚

82 2419 229 2459 nefario
241 2420 451 2467 volumine,
470 2419 559 2458 dum
574 2418 682 2472 fingit
698 2418 734 2458 se
748 2421 861 2459 morti
874 2433 951 2459 non
965 2420 1178 2459 obnoxium
1200 2420 1237 2458 in
1251 2431 1341 2459 coe-

82 2473 163 2513 lum
177 2474 401 2513 translatum
416 2474 478 2522 iri,
496 2473 716 2513 scommatis
728 2475 917 2526 perpetuis
928 2474 976 2512 ab
991 2486 1072 2512 ovo
1091 2484 1133 2512 ut
1154 2473 1259 2512 aiunt
1276 2471 1341 2512 us·-

81 2540 159 2580 que
171 2528 217 2568 ad
232 2528 354 2578 mala,
376 2527 537 2568 rideret:
565 2527 688 2568 homo
700 2528 737 2567 in
754 2528 936 2569 Hibernia
948 2529 1114 2580 primum
1124 2556 1135 2574 ,
1150 2527 1283 2566 deinde
1299 2525 1342 2568 &2
