1764 3419
448 229 539 278 554
646 214 1512 263 ANNOTATIONES

439 300 505 340 ‹Ye‘v
521 315 561 340 τι
573 295 677 355 εἶχεν
692 300 710 341 ἦ
725 300 829 348 ναῦς,
844 301 922 351 ὃμῖι
936 300 1105 355 medies&
1116 294 1154 342 »iv
1170 298 1310 342 αὐτοῖς.
1339 301 1383 341 In
1401 301 1472 341 Ms.
1485 301 1546 341 hic
1559 302 1700 343 addun-

441 366 506 409 tur
518 355 728 395 nonnullae
741 367 880 394 voces:
906 355 924 392 ὃ
946 354 1000 404 μὴ
1015 352 1194 408 χρήσιμον
1214 355 1372 394 πάντως
1397 355 1460 394 καὶ
1484 355 1697 410 ἀναγκαῖον

441 409 481 446 im
496 410 587 459 πρὸς
600 409 664 448 τὴν
681 409 877 448 ναυτιλίαν
897 405 1043 454 adroic,
1062 410 1153 461 quod
1167 423 1234 447 non
1255 409 1335 447 utile
1353 409 1487 448 omnino
1503 409 1538 449 δ’
1553 409 1698 462 neceffiz-

445 463 582 512 fiumfit
596 463 674 515 ipsis
691 465 740 500 ad
748 462 1010 513 havigationem.
1031 461 1201 502 GRAEV.

499 518 573 553 ead.
587 516 612 555 l.
635 530 692 566 13.
710 515 759 553 “0
780 512 1032 574 μὴχρῆσιμον
1049 537 1094 545 -
1114 515 1338 568 ναυτιλίαν)
1359 516 1469 555 Haec
1489 514 1601 555 etiam
1617 514 1700 557 Ox.
1761 537 1764 546 ·

445 567 598 615 Codex,
611 568 665 615 &‚
677 567 781 620 quod
800 581 933 614 miror,
946 569 1004 608 ed.
1019 569 1065 608 P.
1076 568 1178 608 unde
1192 568 1312 617 maa,
1327 567 1472 609 nescio:
1490 582 1578 609 raro
1596 570 1699 609 enim
1763 602 1764 611 ,

445 622 483 660 ‘m
500 633 606 661 textu
623 622 830 674 quidquam
851 632 998 662 mutare
1011 620 1223 662 consuevit.
1242 622 1399 662 SOLAN.
1425 623 1554 662 Verba
1569 621 1701 662 Parisi-
1761 617 1764 626 ’

445 687 516 713 nae
529 675 586 713 ed.
602 673 773 722 servavi,
793 676 882 727 quia
901 676 1020 715 tribus
1032 674 1154 716 Codd.
1167 674 1354 715 firmatur.
1372 676 1541 728 Vulgata
1557 687 1702 716 cetera-

445 740 529 766 rum
545 728 626 767 edd.
640 728 754 768 lectio
767 729 918 781 quidem
934 728 1017 768 satis
1035 729 1285 769 commodum
1307 727 1454 784 sensym
1475 728 1675 768 exhibebat
1686 759 1701 777 ,

444 782 591 830 (lando,
613 779 718 821 οὖέέν
730 797 768 822 τι
786 778 895 834 εἶχεν
912 781 930 822 ἦ
952 780 1054 830 νσιῦς,
1073 781 1154 832 ὃμῑι
1170 781 1356 835 χρειῶδες
1378 784 1413 823 ἦν
1428 779 1566 822 αὐτοῖς·
1595 783 1701 836 quod
1748 810 1750 816 ›

447 834 644 875 Gesnerus
654 846 820 875 verterat
828 865 842 882 ‚
862 837 950 875 nihil
960 838 1100 874 habebat
1113 838 1229 882 navis,
1242 839 1333 889 quod
1340 852 1407 875 non
1423 837 1502 888 ipsis
1515 836 1591 888 eſj‘ct
1609 835 1700 887 usui.

444 887 530 928 Nec
542 887 650 929 facile
664 888 866 943 quisquam
882 889 1077 929 divinasset
1095 890 1236 943 aliquid
1251 890 1461 930 addendum
1477 893 1539 929 vel
1553 903 1704 929 mutan·
1749 914 1753 928 ι

445 942 560 990 'dum;
577 955 715 982 verum
731 944 820 996 quia
835 943 1012 996 principis
1028 943 1206 982 editionis
1217 955 1285 983 aut
1298 943 1413 984 unius
1422 941 1577 983 Codicis
1592 942 1703 983 omis·
1750 989 1753 996 ι

444 995 501 1036 sio
514 995 624 1037 facile
635 995 791 1037 transire
804 996 897 1036 solet
911 998 956 1036 ad
971 997 1197 1050 posteriores
1209 997 1290 1036 edd.
1304 1009 1453 1043 omnes,
1475 996 1584 1036 nolui
1597 1009 1704 1036 com·
1750 1012 1753 1018 ·

447 1050 613 1096 mittere,
630 1060 672 1089 ut
686 1050 750 1090 illa
764 1050 908 1091 dete&a
922 1051 1047 1090 denuo
1065 1061 1232 1090 maneret
1246 1049 1480 1100 inta&a,etfi
1493 1050 1592 1090 haud
1604 1050 1701 1090 adeo
1751 1064 1755 1070 ‘

444 1104 573 1155 magni
586 1104 641 1144 est
655 1104 852 1144 momenti.
877 1104 978 1143 Nihil
1003 1105 1116 1157 igitur
1137 1104 1392 1156 indignabitur
1406 1102 1701 1154 Gesnerus,me
1750 1140 1754 1146 ,

443 1157 662 1197 versionem
678 1158 793 1197 etiam
815 1157 878 1197 sex
898 1157 1025 1197 verbis
1042 1157 1194 1197 auxisse.
1215 1158 1355 1197 Rmz.

499 1211 590 1262 Pag.
608 1210 655 1250 28
665 1224 694 1249 ι.
709 1213 733 1250 l.
756 1224 787 1250 ι.
802 1209 843 1250 Ὁ
861 1210 928 1261 μὲν
952 1210 1154 1263 πρὲτονος)
1181 1212 1376 1264 Προτόνους
1390 1210 1432 1250 &
1449 1209 1616 1262 πρότονοι
1635 1223 1702 1251 ex-

443 1263 586 1316 plicant
600 1265 762 1304 Homeri
775 1266 997 1316 interpretes
1010 1266 1056 1304 ad
1070 1264 1111 1304 Il.
1126 1269 1169 1312 A,
1187 1279 1279 1318 434,
1295 1266 1335 1305 δε
1347 1263 1423 1304 Od.
1437 1269 1474 1312 B,
1487 1279 1536 1313 42
1547 1278 1580 1316 ς,
1592 1265 1705 1317 item?
1755 1310 1757 1324 1

443 1330 521 1370 que
534 1317 751 1370 Hesychius
760 1349 771 1366 ‚
790 1319 958 1371 duplices
977 1318 1088 1358 funes
1097 1348 1111 1364 ,
1132 1331 1155 1356 a
1170 1318 1360 1358 carchesio
1373 1318 1459 1358 hinc
1470 1319 1508 1358 in
1523 1331 1676 1370 proram
1689 1348 1703 1367 ,

445 1371 534 1410 hinc
551 1372 589 1411 in
611 1373 767 1425 puppim
783 1383 919 1412 tentos.
937 1371 1008 1412 Sed
1025 1373 1064 1411 in
1081 1384 1147 1419 ea,
1161 1385 1259 1425 quae
1275 1373 1334 1412 hic
1352 1370 1585 1419 describitur,
1597 1372 1701 1420 navi,

444 1425 617 1476 ’πρότονος
632 1426 711 1464 vim
733 1426 896 1465 nominis
916 1424 972 1465 sui
993 1424 1142 1466 servare
1157 1426 1265 1466 debet
1275 1456 1287 1475 ,
1314 1425 1355 1465 &
1368 1425 1470 1465 funis
1484 1423 1557 1465 effe
1572 1425 1706 1466 versus

444 1491 600 1529 proram
624 1478 649 1518 s.
669 1480 896 1519 anteriorem
911 1480 1024 1519 navis
1042 1490 1187 1532 partem
1201 1490 1351 1526 tentus,
1375 1479 1485 1520 cuius
1495 1491 1571 1532 ope
1583 1480 1704 1541 eriga-

443 1543 507 1570 tur
520 1531 693 1572 demissus
709 1545 821 1573 antea
842 1533 989 1580 malus,
1009 1534 1074 1585 qui
1097 1534 1296 1580 renitatur,
1313 1546 1385 1573 nec
1399 1531 1527 1572 versus
1543 1546 1703 1586 puppim

443 1585 610 1625 recidere
626 1586 748 1626 malus
765 1586 892 1639 poffit:
915 1601 1002 1627 nam
1024 1600 1071 1627 ne
1089 1601 1111 1627 a
1126 1588 1253 1627 ventis
1267 1586 1398 1627 versus
1419 1599 1572 1640 proram
1586 1598 1702 1640 queat

443 1639 566 1686 defici,
579 1639 664 1679 satis
677 1641 835 1694 impedit
848 1641 994 1694 reliqua
1006 1640 1251 1682 construffio.
1265 1641 1312 1681 Et
1323 1641 1470 1680 videtur
1482 1640 1568 1679 hinc
1577 1653 1706 1680 emen-

443 1694 564 1732 danda
576 1693 699 1746 figura
713 1694 895 1735 Schefferi
909 1696 954 1734 de
969 1695 1046 1734 mil.
1059 1709 1149 1735 nav.
1162 1696 1208 1734 ad
1220 1709 1255 1748 p.
1271 1694 1359 1741 168,
1370 1695 1408 1734 in
1426 1707 1501 1747 qua
1515 1706 1704 1746 protonus

441 1760 521 1786 non
546 1747 599 1787 est
621 1759 832 1800 protonus,
852 1748 911 1788 sed
924 1749 1126 1802 epitonus:
1154 1749 1223 1789 i.e.
1245 1749 1355 1788 navis
1369 1747 1556 1788 Schefferi
1577 1747 1703 1789 similis

444 1801 517 1841 hac
529 1812 636 1852 parte
648 1802 701 1841 est
712 1802 820 1850 huic,
838 1815 955 1856 quam
969 1803 1207 1855 reprehendit
1221 1802 1370 1842 Damis.
1389 1800 1516 1842 Gtsn.

497 1857 570 1893 ead.
586 1855 608 1894 L
626 1870 659 1895 2.
678 1856 724 1895 Οἱ
736 1855 855 1896 πόδες
870 1856 913 1895 δὲ
927 1856 964 1896 ἐς
978 1856 1044 1896 τῖον
1058 1856 1222 1909 πρώραν)
1238 1856 1385 1908 Nempe
1398 1854 1531 1903 omisa,
1544 1854 1580 1893 h.
1595 1867 1631 1895 e.
1642 1854 1702 1895 fu.

442 1921 523 1955 nes,
534 1909 675 1962 quibus
690 1911 810 1949 imum
830 1911 929 1949 latus
947 1911 1022 1950 veli
1037 1923 1085 1949 ex
1099 1923 1266 1962 utroque
1280 1908 1422 1962 angulo
1433 1909 1480 1948 ad
1491 1921 1630 1948 navem
1646 1909 1703 1948 al-

442 1962 651 2014 ligabatur,
679 1964 864 2003 debebant
878 1994 890 2009 ,
909 1976 950 2003 ut
967 1964 1089 2003 ventis
1103 1962 1309 2003 ferentibus
1327 1963 1591 2008 reniterentur,
1605 1963 1703 2004 tenti

441 2016 653 2056 necessario
668 2016 742 2056 effe
756 2017 888 2057 versus
909 2020 1080 2070 puppim.
1114 2017 1252 2056 Melius
1276 2017 1335 2056 hic
1355 2015 1557 2068 respondet
1577 2015 1700 2069 figura

442 2068 638 2110 Schefferi.
652 2070 717 2110 Ed.
731 2070 867 2110 Scheff.
883 2085 915 2122 p.
932 2085 944 2109 1
959 2073 1002 2121 58
1015 2070 1089 2124 seq.
1105 2069 1166 2110 De
1180 2071 1332 2122 chenisco
1343 2069 1434 2109 nihil
1448 2082 1547 2122 opus
1556 2069 1608 2109 est
1619 2083 1702 2110 mo·

442 2134 547 2170 nere,
565 2136 652 2163 cum
668 2124 732 2163 vel
749 2123 825 2177 ipse
846 2124 973 2163 noster
986 2137 1073 2163 eum
1091 2124 1276 2164 uliislocis
1291 2124 1374 2163 satis
1389 2124 1561 2163 declaret.
1572 2123 1703 2164 Gesn.

495 2179 570 2215 ead.
592 2178 614 2215 l.
629 2191 667 2227 7.
681 2180 895 2230 Διμοιρίτην
909 2178 926 2217 ἢ
943 2178 1183 2231 τριμοιρίτην)
1196 2177 1449 2231 Duplician‘um
1461 2189 1525 2217 aut
1536 2177 1702 2229 triph-ia-

442 2231 539 2270 rium.
552 2232 851 2282 Διμοιρίτης,ευί
861 2231 1001 2283 duplex
1020 2231 1150 2284 portio
1164 2233 1290 2278 datur,
1303 2231 1444 2284 duplex
1456 2243 1607 2271 annona
1621 2230 1701 2272 &c-

441 2283 611 2325 Gunr.
633 2284 696 2324 De
708 2285 763 2324 his
782 2284 912 2333 silent,
938 2287 1005 2336 qui
1018 2286 1064 2324 de
1078 2297 1121 2324 re
1133 2286 1286 2325 nautica
1300 2297 1476 2324 veterum
1495 2283 1696 2338 scripsere:

441 2350 513 2377 nec
527 2338 616 2377 alibi
629 2350 771 2379 temere
786 2338 975 2391 posterius
985 2339 1169 2378 invenias.
1190 2339 1262 2378 Sed
1279 2338 1486 2391 duplicarios
1496 2339 1611 2378 etiam
1625 2351 1705 2383 no-,

442 2403 501 2430 rat
514 2391 659 2439 Livius,
671 2405 786 2445 quem
799 2393 884 2433 vide
900 2392 941 2431 L.
957 2391 1004 2431 11.
1018 2390 1185 2432 Consule
1197 2392 1370 2432 Turneb.
1387 2391 1492 2432 Adv.
1504 2391 1614 2438 XXI,
1636 2390 1701 2433 28.

440 2445 676 2497 Stipendium
697 2457 826 2486 autem
849 2445 1008 2498 simplex
1021 2446 1198 2486 diurnum
1212 2446 1378 2486 Athenis
1388 2457 1464 2486 tres
1483 2444 1611 2494 oboli,
1633 2443 1700 2485 seu

439 2498 590 2540 dimidia
609 2499 798 2542 drachma.
819 2499 977 2541 SOLAN.
1009 2498 1113 2541 Cum
1124 2512 1175 2541 ex
1187 2500 1387 2542 contrario
1409 2509 1611 2554 appareat,
1634 2498 1698 2550 hic
