1764 3419
315 226 384 274 IN
418 226 720 275 SOMNIUM
753 226 865 275 SEU
901 225 1182 274 GALLUM.
1281 230 1376 292 603⁴

119 312 195 359 rit,
215 324 265 352 ex
281 310 524 365 sequentibus
543 312 631 352 licet
649 312 891 366 cognoscere.
909 312 1027 352 Paulo
1043 312 1215 352 inferius·
1235 313 1376 353 σιώπη-

119 380 198 412 σον,
210 359 237 404 ὦ
250 366 427 413 Μίκυλλε,
441 381 494 416 μη
508 368 754 418 καταφωράσκ
768 371 956 417 παρόντας
972 364 1080 418 ὑμᾶς.
1091 368 1282 406 vertunt:
1304 369 1335 405 T
1333 384 1374 405 a·

119 435 178 466 ce,
196 419 368 470 Micylle‚
391 436 502 460 nenos
518 421 706 473 praesentes
714 421 870 472 prodas
858 419 1009 472 znfizrto.
1028 419 1131 473 Quis
1149 418 1374 460 furabatur?

119 473 242 525 Atqui
266 473 339 512 iam
355 473 475 525 gallus
497 474 752 526 praedixerat,
773 473 887 513 furari
907 487 989 514 non
1011 474 1146 519 licere,
1167 485 1238 513 nec
1288 473 1372 512 uid-

117 539 234 579 quam
254 527 306 565 rei
320 526 462 566 alienae
483 528 695 579 tangebant.
710 526 908 567 Praeterea
932 528 1021 566 ubi
1014 540 1050 566 in
1069 527 1221 567 Graeco
1238 538 1259 565 e
1299 556 1311 574 ,

111 579 324 633 fisrto?1sta
348 581 463 633 igitur
484 582 603 620 verba
622 581 725 628 dele,
746 581 772 620 st
796 581 943 622 Graeca
964 581 1064 622 recte
1078 580 1172 621 velis
1190 580 1373 633 intellige·

119 647 171 674 re.
187 632 360 674 GRAEv.

172 689 245 726 ead
260 688 283 726 l.
297 700 333 737 7.
346 680 466 726 “Ome
479 684 589 741 yovv)
604 686 639 726 Si
659 687 743 740 quis
762 686 859 727 Cod
881 686 961 727 ὅλος
980 686 1157 736 haberet,
1178 699 1256 727 non
1273 686 1373 740 sper-

117 753 271 780 nerem:
289 740 439 779 causam
456 742 533 780 vid.
550 753 598 780 ex
619 753 697 780 not.
715 740 841 781 nostra
856 740 957 794 sequ.
975 739 1070 780 Satis
1086 752 1212 780 tamen
1235 741 1373 780 tolera-

117 793 194 833 bile
212 793 292 833 est‘
285 793 384 833 ἅλως.
405 794 548 833 Rmz.

169 849 241 887 ead.
254 847 278 886 l.
293 846 327 885 8.
341 847 424 900 Περι
438 850 500 887 τον
517 844 718 887 Ιππωνέι’
703 862 808 888 εστιν
828 847 903 887 &c.
918 847 1018 900 )Ty
1022 847 1205 900 pographi
1224 847 1367 888 vitium

115 899 189 940 effe
203 901 395 968 ducerem,
418 900 506 940 nis1
499 914 536 940 tn
556 902 735 941 omnibus
754 902 833 940 edd.
853 902 1100 940 inveniretur.
1121 900 1369 942 Scribendum

112 955 215 994 enim
231 969 312 1006 ’περι
328 956 391 993 τον
405 954 561 995 ἱππῶνά
582 954 684 994 ἐστιν
702 955 774 994 διε.
794 955 965 995 GRAEV.

124 1049 128 1053 ,
169 1008 246 1047 ibid.
259 1008 462 1058 Ἐπιμελίις
477 1009 616 1055 ἄλλως,
633 1005 718 1047 ουδὲ
704 1010 932 1059 φιλόπονος
946 1008 989 1046 ὧι
1001 1007 1018 1059 )
1040 1007 1254 1047 Delendum
1274 1023 1300 1047 τ
1301 1007 1368 1049 ‘&

111 1058 184 1101 fic
177 1074 273 1101 lntei
277 1063 543 1114 pungendum
557 1073 598 1101 ut
612 1062 740 1105 vides
757 1075 803 1102 ne
827 1064 864 1101 in
887 1061 1029 1100 iensum
1047 1062 1228 1100 delabaris
1243 1061 1369 1100 absur-

111 1115 202 1154 dum
215 1144 227 1163 ,
242 1128 357 1168 quem
373 1115 521 1155 secutus
542 1115 648 1166 prior
668 1116 854 1176 interpres
873 1115 936 1155 est.
957 1114 1114 1154 SOLAN.
1134 1114 1242 1167 Quia
1257 1115 1370 1154 nimis

113 1168 241 1208 brevis
262 1169 316 1209 est
340 1169 468 1209 Solani
491 1181 602 1216 nota,
622 1168 682 1209 sed
699 1169 744 1208 ad
770 1169 967 1209 veritatem
986 1168 1105 1208 facem
1129 1167 1367 1220 praeferens,

111 1222 299 1262 nonnulla
322 1223 467 1262 addam.
487 1222 648 1270 Verfio,
666 1236 782 1275 quam
809 1223 871 1262 ille
893 1222 1089 1262 absurdam
1106 1233 1249 1268 vocat,
1271 1222 1366 1262 haec

110 1274 206 1315 fuit:
229 1277 343 1329 Itaque
354 1279 391 1315 de
405 1280 553 1316 curando
569 1278 698 1327 stabulo
710 1292 776 1315 non
797 1279 840 1328 est
856 1278 1033 1315 admodum
1039 1276 1223 1327 fhllzcttus,
1244 1292 1365 1328 quam·

110 1344 209 1381 quam
223 1344 281 1369 nec
293 1331 382 1369 alias
399 1332 576 1369 admodum
591 1330 714 1369 laboris
728 1342 893 1394 appetens.
914 1329 1064 1369 Graeca
1076 1329 1175 1368 enim
1198 1328 1246 1368 sic
1261 1329 1364 1381 lege-

109 1383 265 1422 bantur:
286 1383 376 1422 ὅλως
390 1381 488 1452 ’γοῦν
495 1398 544 1422 πε
546 1385 650 1435 ριτον
662 1383 837 1423 Ἵππωνά,
858 1382 963 1422 ἐστιν
985 1380 1022 1422 οὗ
1046 1382 1148 1422 πάνυ
1165 1382 1364 1432 ἐπιμελὴς,

58 1472 60 1474 ,
108 1436 236 1476 ἄλλως
250 1451 275 1475 τ
278 1432 386 1476 'mise
401 1436 605 1486 φιλὸπονος
624 1437 682 1476 ὧν.
696 1436 888 1477 Geinerus
908 1436 982 1476 fic:
1000 1438 1135 1475 Etenim
1154 1438 1242 1475 circa
1256 1438 1361 1488 equzle

109 1506 177 1529 non
193 1491 310 1528 valde
298 1505 366 1529 tam
377 1491 518 1542 diligens
530 1491 595 1543 est,
607 1492 663 1544 qui
678 1505 777 1543 neque
793 1491 883 1528 alias
895 1490 1079 1542 labortofits
1081 1492 1118 1542 s
1117 1502 1140 1528 t
1154 1490 1236 1529 Nec
1250 1500 1360 1542 pote-

107 1555 165 1584 rat
186 1543 292 1583 aliter
307 1556 356 1583 ex
371 1544 546 1596 vulgata,
562 1556 702 1596 quam,
722 1541 954 1585 distinfflone
974 1555 1140 1592 mutata,
1157 1543 1197 1582 &
1215 1557 1260 1583 τε
1285 1543 1363 1582 eie·

105 1597 191 1644 ἂο,
210 1609 312 1637 nunc
332 1598 370 1636 in
392 1596 538 1638 sensum
560 1597 669 1650 plane
690 1598 922 1637 contrarium
946 1597 1138 1638 converti·
1156 1610 1235 1636 rem
1256 1598 1360 1636 enim

104 1650 218 1704 ipsam
232 1650 401 1703 flagitare
415 1662 532 1704 puto,
554 1662 598 1690 ut
618 1651 749 1690 servus
763 1651 851 1690 alias
871 1652 1065 1703 negligens
1082 1650 1235 1698 stabuli,
1254 1663 1360 1690 nunc

102 1704 343 1744 thesaurum
335 1718 373 1743 in
388 1704 534 1745 stabulo
547 1705 725 1744 latentem
746 1703 885 1751 sciens,
900 1705 1132 1755 plurimum
1124 1717 1162 1743 in
1175 1716 1225 1744 eo
1238 1703 1360 1743 verse-

103 1768 182 1805 tur,
205 1769 248 1797 ut
269 1757 335 1796 sub
351 1758 560 1810 diligentiae
580 1769 777 1811 praetextu
799 1758 1035 1798 occasionem
1058 1769 1182 1810 captet
1207 1757 1360 1797 lubinde

104 1789 244 1864 aliq⁷uid
257 1812 343 1851 inde
358 1812 573 1859 auferendi3
593 1825 663 1852 nec
683 1825 782 1852 enim
798 1811 908 1851 simul
929 1812 968 1852 δε
990 1811 1101 1851 semel
1116 1812 1277 1851 audebat
1293 1821 1360 1851 aut

103 1876 257 1918 poterat
278 1864 437 1905 auferre.
458 1866 557 1904 Hinc
577 1866 705 1918 itaque
728 1876 816 1904 nata
829 1865 924 1905 hero
940 1865 1029 1905 furti
1047 1864 1230 1918 suspicio,
1246 1864 1310 1904 &
1302 1878 1357 1903 m-

103 1919 232 1958 solitae
245 1920 298 1967 rei
313 1919 530 1966 admiratio,
545 1920 651 1972 quod
664 1918 883 1972 equisonem
904 1920 996 1958 olim
1012 1931 1147 1972 parum
1163 1917 1356 1958 curiosum

102 1972 158 2012 sui
173 1971 330 2021 stabuli,
351 1973 423 2012 iam
444 1973 539 2012 adeo
554 1972 791 2025 frequentem
812 1983 926 2025 atque
942 1973 980 2011 in
998 1973 1199 2025 purgando
1215 1984 1264 2012 eo
1283 1971 1358 2011 sol-

102 2026 250 2066 licitum
263 2036 446 2066 cerneret.
460 2025 545 2078 Qui
557 2026 680 2066 sensus
695 2039 741 2066 ex
754 2026 949 2066 verstone
942 2040 1015 2065 iam
1030 2025 1116 2065 satis
1131 2037 1251 2078 patet,
1266 2038 1357 2078 prae

103 2093 185 2132 quo
199 2079 349 2130 pristina
362 2079 475 2120 leffio
489 2079 642 2133 sponte
634 2092 708 2119 lam
721 2090 895 2120 corruet:
910 2092 977 2120 nec
990 2080 1209 2133 quisquam,
1228 2080 1358 2128 credo,

102 2133 269 2186 argutari
283 2133 412 2180 volet,
427 2145 470 2173 ut
485 2134 684 2187 vulgatum
703 2133 898 2179 defendat,
911 2135 948 2172 in
963 2147 1043 2186 quo
1059 2134 1150 2172 nihil
1164 2146 1249 2172 cum
1267 2132 1357 2172 furti

101 2187 315 2241 suspicione
326 2187 524 2234 cohaeret,
544 2187 610 2226 nist
631 2188 788 2233 dixeris,
802 2188 881 2240 quia
896 2203 939 2226 ex
943 2187 1068 2238 furto
1056 2203 1123 2227 tam
1138 2186 1354 2237 ditesfiu‘lus

99 2243 167 2294 est,
184 2241 506 2300 negligitstabulzcni.
522 2242 574 2280 At
592 2252 633 2281 ut
653 2242 726 2280 hoc
745 2254 810 2293 per
825 2240 861 2281 se
877 2241 982 2279 nihili
998 2239 1068 2288 est,
1090 2242 1143 2279 ita
1162 2241 1280 2292 magis
1297 2239 1355 2279 fri-

103 2306 187 2347 get,
207 2293 235 2333 fi
255 2307 359 2333 nova
377 2306 528 2346 negatio
542 2293 791 2347 subsequitur,
809 2310 908 2346 neque
921 2296 1010 2332 alias
1022 2294 1109 2347 fhlet
1119 2294 1178 2346 effe
1189 2297 1353 2344 dtltgens:

99 2349 193 2400 quid
206 2361 300 2401 ergo
314 2347 363 2388 fic
374 2360 521 2400 praeter
535 2348 686 2387 iolitum
703 2347 818 2387 facit?
835 2348 979 2388 Rerrz.
994 2348 1113 2388 Re&e
1127 2346 1354 2386 administra-

100 2411 178 2440 tam
194 2402 430 2441 curationem
444 2402 805 2454 lociacorruptione
818 2401 1023 2442 laborantis
1036 2402 1209 2440 arbitror.
1224 2401 1352 2441 stu.

154 2454 646 2508 ead.l.10.‘0T1‘{310;)Vid
664 2457 774 2508 iupra
787 2455 886 2495 Tim.
910 2468 944 2496 c.
963 2470 1010 2506 14
1029 2469 1078 2495 m.
1099 2456 1255 2496 SOLAN.
1270 2453 1299 2497 I.
1313 2466 1348 2496 e

101 2507 216 2551 huius
229 2508 286 2550 ed.
299 2523 332 2551 c.
347 2523 408 2550 22.
425 2509 701 2551 Servinomen.
719 2510 865 2550 Rmz.
