1764 3419
266 221 336 268 IN
371 222 668 270 SOMNIUM
701 221 816 270 SEU
850 202 1129 270 GALLUM.
1163 270 1166 274 ,
1246 240 1332 290 571

71 317 236 361 terpres:
251 311 428 363 &fhlidas
439 313 515 350 auri
536 327 641 350 venas
657 313 736 350 mihi
747 313 869 350 videris
883 312 1072 362 adduxzffe.
1088 311 1278 352 Μέτοιλλοι
1295 314 1335 353 ‘o'-

71 371 124 402 λα,
146 363 330 417 χρύσειοι,
353 376 444 405 totas
464 366 542 404 auri
556 364 720 415 fhdinas,
740 377 808 404 aut
832 365 973 403 auraria
998 366 1144 403 metalla.
1175 366 1332 408 Metalla

69 414 213 456 Latinis
230 420 268 456 &
286 417 445 458 Graecis
465 418 709 471 scriptoribus
725 417 809 457 sunt
824 418 909 457 loca
920 447 934 464 ,
947 420 1046 457 unde
1060 419 1209 456 metalla
1232 419 1334 459 effo-

69 468 234 510 diuntur.
248 470 411 510 lustinus
423 472 468 510 de
481 471 654 523 Philippo
665 471 758 510 vm
771 502 781 518 ,
795 485 817 509 2
829 484 838 510 :
859 473 1013 511 Auratia
1028 472 1063 509 in
1079 471 1260 523 leqffalia‚
1274 489 1334 512 ar·

68 523 162 572 genti
170 525 305 562 metalla
313 524 349 562 in
372 525 519 564 Thracia
531 537 683 576 occupat.
695 524 755 564 Sic
767 526 921 563 damnari
933 527 982 563 ad
991 525 1141 564 metalla.
1155 524 1281 565 GRAE
1287 537 1331 566 V.

122 580 194 614 ead.
209 579 234 614 l.
253 591 268 615 1
281 592 312 616 1.
331 577 603 631 Κεκοιμὶἶσέπαι)
618 579 673 616 Ita
686 580 743 616 Fl.
759 579 799 617 &
814 579 855 617 L.
872 578 938 617 nisi
955 580 1059 631 quod
1080 579 1119 616 in
1137 579 1210 619 hoc
1226 592 1333 619 men-

68 626 158 668 dose
173 628 349 682 scriptum
361 630 414 670 est
430 631 688 681 κεκοιμῖσῧοιι.
702 632 800 671 Vide
812 632 919 683 Ἰκαρ.
933 645 966 672 c.
985 647 1000 671 1
1018 643 1205 672 extremo.
1215 633 1259 672 In
1270 645 1332 675 re·¹

67 680 178 734 liquis
190 684 430 733 κεκομίσὲιιι.
445 684 602 724 SOLAN.

121 736 214 790 Pag.
234 750 320 790 300.
335 739 357 776 l.
375 734 590 789 6.”Αριο·τον
605 737 672 789 μὲν
691 733 807 790 ῧὲως)
821 736 1006 792 ΡίηάλΟῙ.
1025 743 1059 786 1,
1078 751 1111 777 1.
1125 738 1285 779 SOLAN.

117 792 192 829 ead.
208 791 231 829 l.
249 791 459 842 ιο.“Ωσ-πες
478 789 716 843 τοῦτοῦμὶν)
732 792 878 842 Ὥσπερ
896 793 956 830 οὑν
977 791 1123 840 τούμόν.
1138 793 1330 833 MARCH..

65 840 186 883 Reeoe
209 845 360 897 quidem
384 845 608 892 lectionem,
632 857 745 897 quam
777 845 947 891 invenit,
978 846 1114 884 malam
1126 875 1137 893 ,
1173 848 1330 899 corrigit

62 895 208 936 Marcil.
226 897 296 937 Sed
310 910 399 937 cum
418 912 488 950 pro
504 899 569 937 illo
594 913 659 937 του
676 898 750 937 iam
770 900 849 952 γᾶς
869 899 1098 946 habeamus,
1114 902 1329 941 mutatione

62 949 156 988 nihil
169 951 331 1003 amplius
345 964 442 1004 opus
462 953 543 991 erit.
564 952 716 1000 REITz,

115 1007 189 1043 ead.
202 1005 225 1043 l.
239 1018 297 1057 13.
312 1000 514 1057 Εὐκράτης)
531 1006 680 1044 Verum
694 1004 799 1044 fuiffe
813 1017 969 1052 nomen,
984 1006 1036 1044 ob
1049 1005 1213 1055 infanda,
1227 1020 1329 1059 quae

0 1065 1 1069 ’
61 1054 98 1094 in
114 1057 199 1110 ipso
213 1057 289 1097 fine
302 1059 347 1097 de
363 1071 412 1097 eo
426 1071 639 1105 narrantur,
657 1072 736 1098 non
750 1059 1032 1099 arbitror.Vide
1045 1072 1173 1100 tamen
1187 1060 1329 1113 Φιλοψ.

0 1120 1 1125 ’
62 1122 96 1148 c.
114 1123 149 1160 5,
162 1112 228 1150 ubi
241 1124 384 1150 nomen
396 1112 492 1151 idem
506 1112 684 1152 occurrit.
697 1112 854 1151 SOLAN.

113 1165 186 1204 ead.
197 1166 219 1204 l.
238 1179 297 1214 14.
314 1165 563 1219 Λουο-έιμενον)
577 1167 682 1205 Vera
698 1166 758 1206 hic
770 1165 996 1206 observatur
1006 1166 1117 1207 verbi
1133 1167 1243 1207 medii
1258 1180 1326 1221 po·

59 1216 191 1267 testas,
207 1219 229 1257 i.
245 1232 279 1258 e.
301 1233 375 1258 cum
390 1220 526 1259 laverim
540 1235 589 1258 me
595 1235 612 1267 ,-
627 1233 742 1272 quam
764 1220 803 1258 in
821 1219 897 1259 hoc
919 1220 1044 1259 verbo
1064 1222 1255 1272 praeclare
1275 1222 1324 1261 ab

60 1271 192 1311 εέὶίνο
209 1272 401 1324 distinguit
415 1273 535 1325 Long.
551 1272 642 1312 Past.
657 1274 696 1321 Ι,
712 1286 747 1325 p.
766 1287 810 1325 35
828 1272 853 1312 f.
866 1273 922 1325 (p.
936 1286 1033 1312 vero
1048 1288 1097 1324 27
1108 1275 1165 1313 ed.
1181 1275 1326 1328 Moll.)

58 1325 157 1365 λούει
177 1329 239 1365 τὸν
258 1326 408 1377 Δάφνιν
423 1324 442 1367 ἦ
462 1327 559 1366 Χλόη
576 1349 620 1356 -
637 1327 701 1365 καὶ
717 1323 812 1365 αὐτὴ
832 1326 1016 1366 {notio-270
1033 1329 1074 1364 ‘rb
1098 1326 1221 1376 σῶμα..
1238 1328 1324 1368 No-

58 1377 132 1417 ster
151 1378 264 1431 supra
287 1392 319 1418 c.
340 1394 375 1432 3,
393 1377 494 1430 ὑμᾶς
514 1379 838 1433 ἀπολογουμένους
857 1379 911 1429 τῷ
919 1376 1028 1432 Ἄρει.
1046 1379 1174 1432 Quod
1187 1381 1227 1420 &
1245 1395 1324 1421 me·

58 1433 117 1470 dia
133 1432 173 1471 δι
192 1432 337 1485 paffiva
350 1432 475 1473 forma
492 1433 613 1486 potest
627 1434 783 1485 exponi.
802 1432 873 1472 Sed
889 1434 973 1486 post
994 1435 1147 1473 Kusteri
1165 1436 1210 1474 de
1232 1448 1321 1474 ver-

56 1486 112 1524 bis
129 1487 256 1525 mediis
272 1487 460 1532 laborem,
478 1488 588 1539 plura
602 1488 646 1526 de
661 1488 716 1526 his
738 1487 872 1526 addere
895 1487 1026 1526 nolim.
1040 1487 1207 1527 Dabitur
1227 1488 1323 1529 alias

57 1539 212 1580 occasio
224 1539 457 1587 ostendendi,
477 1542 513 1580 in
528 1541 656 1580 multis
669 1540 800 1580 verbis
813 1541 1027 1592 promiscue
1047 1540 1220 1592 usurpari
1239 1555 1321 1582 me-

53 1593 180 1641 dium,
196 1594 391 1646 reciproca
403 1624 417 1640 ,
431 1594 472 1634 &
489 1594 615 1633 afflva
631 1594 713 1633 five
727 1593 919 1632 transitiva
935 1595 1131 1647 potestate.
1149 1595 1291 1635 Rmz.

108 1640 319 1687 ihidf‘Hmv
341 1648 487 1687 ἐκέλευε
509 1649 573 1688 τὴν
595 1647 710 1701 ὥραν)
733 1647 807 1686 Pro
821 1651 909 1699 πρὶς
925 1648 987 1686 vel
1001 1651 1109 1686 κατὰ
1128 1648 1195 1688 τὴν
1210 1644 1319 1700 ὅροιν,

53 1701 154 1740 utin
169 1701 240 1740 Ev.
256 1702 363 1741 Ioan.
376 1702 452 1749 IV,
468 1715 533 1754 52,
552 1700 643 1755 χθὲς
661 1699 819 1751 ἔβὸόμην
840 1699 976 1748 ἀφῆκεν
989 1699 1100 1741 αὐτὸν
1115 1701 1129 1739 ὁ
1144 1701 1318 1754 πυρετός.

53 1753 168 1794 Plura
182 1755 321 1794 omitto
340 1754 471 1796 sciens.
491 1755 629 1808 Neque
650 1755 780 1794 addam
802 1755 916 1794 etiam
941 1755 1005 1795 ἐπὶ
1024 1754 1092 1794 τὴν
1109 1751 1199 1807 ὅροιν
1218 1756 1290 1796 dici
1300 1785 1319 1804 ,

52 1810 160 1861 quod
172 1808 353 1849 Gronov.
365 1809 596 1848 demonstrat
610 1809 654 1847 ad
669 1809 757 1847 Arr.
775 1823 797 1847 2
809 1838 821 1853 ,
838 1823 881 1854 2,
894 1809 971 1848 No.
988 1821 1047 1847 10.
1059 1808 1205 1848 ΚΕΗ-Ζ.

110 1862 200 1913 Pag.
217 1876 303 1915 301.
326 1864 348 1902 l.
364 1877 400 1910 4.
418 1861 573 1911 Ἀθλητῇ
585 1863 602 1911 )
626 1861 704 1901 Sub
726 1862 972 1914 Pythagorae
994 1861 1107 1914 ipsius
1129 1862 1315 1915 persona:

54 1916 225 1967 primum
245 1917 347 1955 enim
370 1915 479 1956 fuifl'e
500 1917 630 1962 aiunt,
647 1917 712 1968 qui
735 1916 877 1969 πυγμῆ
898 1915 1101 1955 secundum
1122 1927 1239 1955 artem
1252 1914 1316 1955 O-

50 1969 227 2022 lympiae
240 1970 401 2009 certavit
420 1970 462 2008 &
484 1971 576 2009 vicit
588 1969 652 2009 Ol.
673 1968 1122 2021 XLV111.Diog.Laert.
1139 1970 1178 2008 in
1197 1969 1316 2021 Pyth.

51 2036 90 2075 p.
118 2036 189 2075 225
211 2024 254 2063 E.
268 2023 310 2062 δι
324 2022 409 2062 Afr.
424 2024 559 2077 o’evovyp.
581 2024 684 2076 apud
697 2036 795 2075 quos
813 2024 858 2061 de
874 2024 948 2062 hoc
965 2024 1170 2062 certamine
1185 2023 1310 2075 plura.

50 2076 143 2116 Eius
165 2078 369 2118 vi&0riam
390 2077 435 2115 ad
457 2075 521 2116 Ol.
542 2077 591 2116 LI
613 2076 727 2116 refert
742 2077 952 2128 Syr-celius.
965 2077 1071 2116 Haec
1087 2089 1135 2115 ex
1154 2077 1312 2127 Loydio

50 2131 98 2171 de
112 2129 402 2183 Olympionicis
416 2131 489 2170 διε.
504 2130 674 2170 Consule
693 2130 740 2169 de
754 2143 800 2168 ea
814 2142 854 2168 re
865 2129 918 2168 R.
933 2130 1116 2175 Bentleii,
1135 2129 1175 2169 &
1188 2131 1314 2170 Henr.

49 2182 249 2224 Dodwelli
262 2183 563 2224 controverfiam
574 2198 587 2232 3
599 2184 703 2223 illum
715 2183 969 2222 dissertatione
981 2184 1026 2222 de
1038 2183 1182 2222 Phalar.
1194 2182 1313 2235 Epist.

55 2251 103 2290 52
114 2267 128 2284 ,
142 2239 246 2278 hunc
256 2239 302 2277 de
320 2248 444 2283 aetate
456 2237 569 2289 Pyth.
585 2252 620 2289 p.
637 2251 722 2290 153.
737 2237 847 2276 Prior
859 2237 905 2276 de
919 2236 1146 2289 philosopho
1165 2236 1309 2276 intelli-

49 2292 106 2344 git
113 2305 127 2339 3
147 2290 332 2343 posterior
353 2291 398 2330 de
413 2291 503 2330 alio.
521 2291 679 2331 SOLAN.

102 2349 177 2384 ead.
189 2346 212 2384 l.
226 2338 424 2397 8.‘'Op.npw
437 2344 656 2397 ἀμβροσίην)
673 2343 789 2383 Hom.
804 2343 844 2383 11.
859 2347 882 2382 B
894 2374 905 2391 ,
924 2341 1154 2397 562·SOLAN.

102 2401 174 2438 ead.
195 2400 220 2438 l.
236 2412 292 2452 ¹3·
310 2399 552 2452 Προάγοντοι)
571 2398 706 2437 Ramisi
727 2399 805 2451 ’γὰρ
826 2393 929 2435 οὗὲὲν
945 2397 1050 2435 αὖθις
1066 2411 1107 2436 σε
1121 2394 1308 2443 semirefvg

45 2448 172 2503 ὅσπερ
185 2452 312 2503 ’ὄνειρόν
324 2467 413 2492 τινα.
426 2450 493 2491 τοῦ
502 2452 657 2491 ssim-ov
677 2450 812 2490 ἐκείνου
827 2450 1047 2503 προάγοντα,
1057 2480 1070 2494 ,
1084 2450 1145 2487 καὶ
1159 2450 1305 2499 ἀναμη-

44 2507 243 2564 ρυκώμενον
263 2505 312 2558 τῇ
331 2504 454 2558 μνήμῃ
480 2507 532 2546 τὰ
553 2506 776 2557 βεβρωμένα.
796 2504 950 2544 Latinus
973 2505 1176 2556 interpres:
1198 2502 1307 2542 Nilu‘l
