1764 3419
427 224 521 274 394
627 207 1496 257 ANNOTATIONES

425 310 528 350 quae
549 296 758 351 disciplinam
774 308 900 337 tamen
919 297 1021 336 re&e
1036 296 1254 336 reddiderat.
1277 296 1348 336 Sed
1365 297 1498 346 miror,
1508 296 1616 351 Amst.
1631 295 1706 339 ed:
1762 326 1764 332 -

423 352 528 391 reete
542 355 654 391 etiam
670 351 852 390 παιδείας
868 352 1047 390 exhibere
1060 381 1071 396 ,
1087 363 1186 402 quae
1199 351 1368 402 alioquin
1388 351 1571 391 eiusmodi
1584 364 1695 391 men-

425 405 494 445 das
507 404 667 444 fideliter
681 406 835 450 imitari,
849 403 956 456 saepe
971 416 1112 455 augere
1128 404 1233 443 solet.
1255 404 1394 443 RmTz.

438 493 442 495 Δ
483 460 518 497 in
527 460 644 498 Schol.
652 460 715 497 col.
726 473 760 496 2.
774 459 797 496 l.
812 472 846 496 2.
859 456 1112 510 Τερψιχόρην)
1139 458 1210 496 Hic
1223 458 1422 509 legebatur
1438 459 1610 509 Euterpe,·
1628 457 1691 498 sed

431 525 520 552 cum
539 513 615 551 hoc
638 513 710 550 iam
736 511 937 550 haberetur
952 523 1114 556 nomen,
1136 510 1349 563 deeffetque
1367 513 1588 564 Terpsichore,
1611 524 1695 551 ma·

431 566 610 606 nifestum
625 576 718 612 erat,
741 564 975 604 festinantem
990 564 1182 604 librarium
1198 564 1446 615 posteriorem
1459 566 1600 604 hancce
1611 565 1699 604 Mu·

431 618 509 658 sam
522 619 697 658 oblitum.
723 619 828 657 Licet
843 630 925 656 non
939 617 1143 657 conveniat
1161 619 1405 670 Mythologis
1424 619 1520 657 inter
1539 617 1575 658 se
1592 619 1694 658 circa

431 671 633 712 Musarum
646 673 817 719 inventa,
827 683 898 711 nec
910 670 1202 724 praestantiffimi
1215 675 1353 724 poetae
1362 671 1587 711 divisionem
1599 673 1698 712 hanc
1758 706 1759 710 ,

433 727 574 764 artium
596 726 692 764 inter
711 724 838 764 Musas
858 724 1080 778 agnoscant,
1101 736 1268 763 attamen
1289 726 1393 776 quod
1412 726 1471 764 hic
1493 726 1629 765 dicitur
1651 725 1702 764 de

433 779 622 832 Euterpes
642 778 682 818 δι
698 777 970 828 Terpsichores
985 779 1171 824 inventis,
1196 779 1281 818 satis
1306 778 1494 818 consentit
1506 792 1596 819 cum
1611 779 1702 830 Epi-

434 845 554 884 gram.
569 831 815 872 CXXXVIII
826 831 1002 877 Ausonii,
1015 833 1060 871 ad
1071 833 1176 885 quod
1192 833 1281 871 vide
1295 832 1349 873 El.
1359 833 1555 872 vinetum.
1567 832 1699 873 (ζιελ.

436 886 560 926 Βεξὶε
575 886 711 939 legitur
730 887 938 939 Terpsichore
953 886 989 925 in
1004 885 1051 926 C.
1073 886 1229 926 Sorax.

491 940 581 993 Pag.
599 954 619 979 2
630 953 658 979 1.
671 941 693 979 I.
705 954 740 987 4.
755 939 955 992 Αἰσχίνης)
976 940 1213 987 Socraticu53
1227 940 1272 979 de
1286 952 1367 992 quo
1380 939 1567 979 videndus
1580 938 1703 992 Diog-

434 994 562 1034 Laert.
578 992 626 1042 11,
645 1007 680 1046 p.
697 992 763 1041 48,
779 994 820 1032 δι
835 993 972 1032 Noster
988 998 1138 1043 Παρεισ.
1152 1007 1184 1033 c.
1203 1007 1262 1046 32.
1281 992 1465 1034 Libellum
1478 991 1561 1032 Cic.
1579 993 1624 1032 de
1641 993 1704 1032 In-

438 1058 546 1086 vent.
561 1047 603 1093 Ι,
619 1060 661 1099 31
671 1078 681 1095 ‚
701 1047 747 1086 de
761 1048 830 1086 hac
846 1046 923 1098 ipsa
935 1046 1088 1098 Aspafia
1104 1047 1152 1085 ab
1165 1060 1214 1086 eo
1226 1046 1335 1087 fuiffe
1347 1047 1606 1098 conscriptum
1616 1074 1628 1093 ,
1649 1057 1704 1086 te-

439 1101 582 1141 stantur
597 1099 798 1153 Diogenes
814 1101 899 1139 ibid.
912 1100 958 1140 C.
974 1102 1014 1140 δι
1032 1100 1174 1139 Athen.
1188 1102 1242 1148 V,
1259 1115 1294 1152 p.
1314 1114 1390 1140 220
1413 1101 1458 1140 B.
1482 1101 1707 1153 Harpocra-
1758 1117 1760 1130 τ

442 1156 525 1194 tion
538 1155 650 1193 etiam
675 1168 712 1193 V.
725 1154 936 1201 Ἀσπασία,
951 1167 971 1193 a
986 1155 1170 1206 Menagio
1191 1155 1416 1194 emendatus
1433 1154 1480 1192 ad
1498 1153 1616 1206 Diog.
1632 1153 1656 1192 l.
1668 1166 1708 1194 c.

441 1223 479 1261 p.
497 1210 543 1259 65
561 1208 603 1248 B.
619 1209 737 1248 Hunc
750 1219 876 1247 autem
893 1210 1013 1254 aiunt,
1027 1208 1220 1260 Dialogos
1239 1221 1260 1247 a
1275 1208 1432 1248 Socrate
1453 1206 1611 1259 scriptos
1660 1219 1713 1246 ro

440 1262 516 1302 fuis
527 1262 687 1302 edidisse.
702 1262 801 1301 Vide
814 1262 907 1301 Not.
923 1262 970 1301 ad
985 1261 1109 1315 Diog..
1122 1262 1246 1301 Laert.
1263 1261 1320 1311 ΙΙ,
1337 1263 1411 1309 60,
1431 1261 1473 1301 &
1487 1261 1580 1301 alios
1602 1273 1624 1300 a
1668 1273 1710 1300 a-

443 1316 566 1356 bricio
583 1317 619 1355 in
631 1316 673 1355 B.
690 1315 759 1356 Gr.
774 1315 959 1355 indicatos
975 1329 1010 1368 p.
1022 1316 1112 1368 783.
1132 1315 1289 1355 SOLAN.

498 1372 572 1409 ead.
587 1371 610 1408 l.
624 1383 655 1421 5.
670 1366 787 1408 Αὐτὸς
797 1369 1019 1421 Σωκράτης)
1035 1370 1068 1408 V
1076 1370 1135 1408 ide
1145 1369 1242 1408 Plut.
1256 1369 1293 1408 in
1304 1368 1460 1408 Pericle.
1477 1367 1637 1408 SOLAN.

500 1426 574 1462 ead.
588 1425 612 1462 l.
627 1423 907 1476 6.“Oo·c,.›).Vide
921 1428 1017 1462 Φαλ.
1032 1424 1070 1469 β,
1082 1434 1166 1476 cap.
1188 1438 1208 1462 2
1219 1422 1410 1474 ,Ἀλεξα
1426 1436 1470 1468 2,
1484 1423 1523 1461 in
1538 1422 1612 1461 hoc
1627 1421 1715 1474 ipsc>

447 1476 638 1530 opusculo
650 1489 679 1515 c.
698 1490 742 1516 21
757 1507 767 1522 ,
783 1476 824 1516 &
837 1475 1050 1530 sequentic.
1069 1490 1127 1524 17.
1153 1475 1291 1516 Nescio
1314 1488 1465 1522 tamen,
1486 1488 1534 1514 an
1556 1488 1635 1514 non
1650 1475 1715 1514 hic

446 1530 608 1585 praestet
624 1529 786 1570 scribere
799 1530 889 1569 ὅσοι.
906 1529 1064 1569 SOLAN.
1086 1530 1257 1582 Vulgata
1273 1529 1367 1570 stare
1386 1529 1533 1582 potest,
1555 1529 1582 1568 si
1598 1530 1713 1568 inter-

449 1596 600 1639 pretere
611 1614 623 1631 ‚
640 1585 674 1623 in
686 1597 859 1637 quantum.
882 1584 943 1624 Sic
956 1595 1087 1635 aperte
1104 1583 1170 1623 fin.
1183 1585 1294 1623 huius
1306 1583 1407 1623 Dial.
1421 1583 1485 1621 καὶ
1501 1578 1602 1621 αὕτη
1617 1581 1718 1621 ἑκεί-

448 1654 488 1680 νη
506 1661 549 1668 -
562 1638 635 1687 ὅσῳ
652 1639 704 1688 μὴ
720 1638 832 1690 ξύλου
848 1660 893 1668 -
909 1638 1129 1677 πεποίηται.
1147 1636 1316 1677 Vincunt
1333 1638 1438 1676 idem,
1446 1647 1572 1676 cetera
1583 1648 1720 1675 exem-

446 1693 513 1747 pla
535 1692 586 1731 ab
602 1692 745 1732 Solano
760 1691 927 1731 adduaa.
951 1690 1110 1744 Quibus
1131 1692 1238 1744 plura
1252 1691 1386 1730 addere
1399 1692 1548 1738 liceret,
1571 1688 1639 1728 nisi
1656 1701 1722 1729 res

452 1745 543 1786 effet
560 1745 759 1786 notiffima.
783 1746 867 1786 Nec
887 1758 1013 1785 tamen
1035 1746 1269 1798 aspernarer,
1284 1746 1393 1798 siqui
1411 1744 1533 1784 Codd.
1546 1742 1624 1783 ὅσοι
1646 1743 1722 1787 ha-¹

450 1800 602 1840 herent.
627 1800 773 1840 Rmz.

510 1856 583 1893 ead.
604 1854 628 1892 l.
641 1867 679 1903 7.
691 1853 923 1906 ’Aeon-accim)
936 1852 1120 1900 Priorem,
1131 1851 1176 1891 de
1188 1865 1262 1905 qua
1274 1851 1350 1890 vid.
1361 1851 1458 1890 Plut.
1476 1851 1514 1890 in
1524 1850 1670 1890 Pericle
1682 1858 1723 1903 p.'

459 1908 627 1960 300,qui
641 1908 703 1948 hic
715 1907 944 1960 Olympius,
962 1919 1004 1946 ut
1021 1906 1128 1958 saepe
1144 1906 1250 1953 alias,
1265 1906 1392 1944 audit:
1408 1905 1595 1944 rationem
1609 1904 1724 1943 docet
1757 1934 1764 1942 ,

455 1961 558 2001 idem
571 1961 666 2001 Plut.
682 1976 716 2014 p.
733 1975 822 2014 315,
840 1975 874 2013 p.
896 1973 983 2011 219;
1002 1961 1078 1999 vid.
1095 1959 1243 1999 Fabric.
1256 1960 1300 1998 Β.
1315 1959 1386 2000 Gr.
1396 1958 1486 2007 785.
1507 1957 1665 1997 SOLAN.

514 2016 594 2054 ibid.
617 2014 841 2066 Ὀλύμπιος)
864 2015 1073 2064 Ὀλύμπιος
1088 2013 1139 2052 est
1155 2013 1323 2053 Pericles.
1347 2012 1550 2052 Diodorus
1572 2010 1726 2051 Siculus

458 2067 525 2108 lib.
541 2082 554 2108 1
564 2082 584 2106 2
596 2082 603 2108 :
620 2067 754 2108 Ταῦτα,
766 2067 809 2107 s}
824 2067 959 2119 §esic->5
972 2069 1193 2107 συνετέλεσε
1207 2066 1278 2106 διὰ
1288 2066 1354 2106 τὴν
1367 2065 1573 2105 savoa-wrm
1585 2064 1652 2104 τοῦ
1666 2065 1727 2103 λό-

460 2136 546 2176 '7⁵¹³’
560 2121 610 2162 «ΞΥ
624 2122 663 2162 {iv
677 2122 803 2161 αἰτίαν
819 2121 1018 2170 (ὄνομάσὲη
1030 2121 1248 2169 Ὀλύμπιος.
1263 2120 1354 2158 Plin.
1367 2120 1536 2166 XXXV,
1550 2118 1588 2166 8,
1601 2121 1727 2171 Olym·

458 2177 618 2230 piumque
641 2178 682 2215 ab
707 2191 742 2215 eo
765 2177 910 2228 pistum:
941 2175 989 2214 [ιε
1012 2175 1264 2227 pulcherrime
1290 2174 1392 2212 hunc
1415 2174 1543 2213 locum
1565 2186 1614 2212 ex
1640 2171 1727 2212 ΜΠ.
1761 2206 1764 2211 .

462 2230 678 2269 emendavit
691 2228 944 2282 sagaciffimus
956 2228 1050 2268 Frid.
1065 2228 1294 2268 Gronovius
1303 2257 1314 2274 ‚
1327 2240 1414 2267 cum
1431 2228 1467 2265 in
1481 2228 1526 2266 iis
1537 2226 1727 2279 legeretur

464 2284 665 2336 Olympium
683 2283 816 2330 Iovem,
841 2284 881 2322 '111
897 2283 1004 2321 editis
1019 2283 1181 2334 ineptius
1201 2283 1415 2334 clypeumque
1429 2281 1587 2319 Athenis.
1610 2280 1670 2320 Sic
1684 2280 1728 2320 &

466 2338 555 2376 Val.
571 2338 674 2377 Max.
689 2337 746 2383 V,
762 2350 809 2376 10
821 2366 834 2382 ,
855 2353 922 2376 non
931 2339 1005 2387 fine
1026 2336 1130 2387 caufiz
1148 2337 1249 2389 igitur
1271 2336 1360 2374 tanti
1382 2336 1508 2374 roboris
1528 2335 1662 2373 animus
1679 2335 1729 2373 ad

467 2392 625 2444 Olympii
634 2404 810 2443 cognomen
820 2391 980 2441 ascendit,
993 2402 1034 2429 ut
1043 2390 1188 2429 erudite
1199 2391 1300 2428 hunc
1312 2390 1441 2428 locum
1454 2387 1611 2427 restituit
1623 2387 1731 2427 Chri-

467 2444 673 2496 stophorus
694 2444 881 2492 Colerus,
904 2444 1026 2483 eieeto
1049 2443 1244 2483 vocabulo
1270 2443 1372 2481 Iovis.
1393 2442 1486 2481 Non
1507 2441 1622 2494 longe
1644 2455 1668 2493 p
1758 2471 1764 2482 .

465 2497 741 2555 ἷΑττικωτέρῳς
751 2498 890 2553 legitur
902 2498 943 2538 in
957 2496 1029 2538 Ms.
1044 2493 1080 2538 οὐ
1094 2499 1172 2551 ’γέις
1185 2497 1276 2548 ἴσον,
1287 2492 1372 2538 aas&
1385 2495 1524 2550 ἐγγὺς,
1537 2495 1708 2538 Ἀθηναίω
1758 2522 1764 2551 ,
