1764 3419
445 233 540 293 476
648 229 1507 277 ANNoTATloNEs

443 330 559 369 quam
580 312 693 358 unice
709 332 839 358 veram
853 317 1052 357 lectionem
1066 326 1174 370 putat
1189 317 1236 356 cl.
1251 317 1295 356 B.
1315 317 1360 356 de
1375 316 1467 356 Ball.
1484 326 1633 358 mutato
1649 317 1699 357 sc.

446 384 540 410 mox
555 371 627 425 seq.
651 373 823 412 παλαίων
846 373 884 410 in
907 374 1074 417 παλαέε,
1093 370 1130 408 h.
1146 369 1171 408 s.
1186 371 1272 408 mais
1293 371 1392 408 lutte‘s
1411 371 1599 420 enfikngx,
1615 371 1703 422 fiens

449 425 628 470 misotmer.

494 470 576 516 'caah
589 477 951 529 Ι.7.Θεροιπεὺσοισοι
968 475 1122 524 ἑαυτὴν)
1141 475 1171 514 I.
1185 487 1217 516 e.
1235 475 1412 529 pudendo
1429 476 1559 516 abluto
1571 477 1612 516 &
1633 476 1705 519 abo,

450 530 578 570 sterso.
597 531 765 572 GUYET.

505 586 575 622 ead.
594 586 617 623 l.
631 599 666 634 9.
687 582 935 636 Παλαιστὺς)
955 582 1012 622 Ita
1025 582 1136 621 etiam
1158 583 1304 621 athletae
1323 594 1528 637 vocantur,
1545 582 1706 634 quicun-

449 649 525 686 que
544 637 583 675 in
602 638 727 690 aliqua
747 649 828 676 arte
848 637 998 690 egregie
1016 635 1210 676 exercitati
1232 635 1433 676 excellunt.
1449 636 1539 676 Vid.
1558 635 1706 676 Weffe-

447 689 536 741 ling.
554 691 598 728 ad
612 690 729 730 Diod.
744 691 813 730 Sic.
826 690 865 738 Ι,
880 703 910 729 c.
932 704 991 742 53,
1005 690 1078 728 No.
1096 702 1153 742 53.
1167 689 1309 728 Rmz.

502 747 575 782 ead.
592 744 615 783 l.
637 757 649 781 ι
663 757 692 782 1.
705 746 760 782 T&
782 744 907 793 μέσα)
922 742 991 781 Τῖτν
1007 743 1136 797 πυγὴν
1150 742 1319 782 fortaffis.
1337 741 1504 782 Gon-r.

504 799 577 834 ead.
593 798 615 834 l.
632 811 645 835 1
658 812 687 834 2.
701 795 942 849 Ἐπίπρωσον)
954 797 1052 848 Lege
1066 797 1302 848 ἐπιτρόωσον.
1317 795 1484 836 ΟυῖΕΤ.
1497 796 1597 835 Idem
1612 794 1707 835 Ges-

451 861 530 889 ner.
546 849 653 889 iuffit.
669 850 902 890 REI-rzss‘h‘rt
921 851 1072 901 τρώσον,
1091 850 1153 889 vel
1165 851 1339 901 πέρασον,
1354 850 1437 889 vult
1454 850 1496 889 Β.
1509 849 1554 889 de
1569 849 1662 890 Bau.

499 904 579 942 ibid.
593 905 729 951 Ψιλὸν)
744 904 911 953 Intellige
924 902 1229 956 ἀνταγωνιστὴν,
1246 913 1287 941 ut
1302 902 1422 954 supra.
1440 902 1607 942 GUYET.

505 961 579 996 ead.
592 958 614 996 l.
634 971 690 1009 13.
708 957 852 1006 Πρῶτον
866 956 909 995 ἑὲ
923 958 1026 994 κατὰ
1040 957 1151 1009 λόγον
1167 953 1213 995 ὡς
1228 955 1346 1007 ἅμμα,
1360 956 1534 1010 σφίγγε)
1551 955 1652 996 Cum
1665 955 1705 995 in

450 1010 649 1050 Baffleenfi
661 1011 717 1049 ed.
734 1011 868 1049 harum
883 1022 1027 1049 vocum
1042 1009 1166 1048 versto
1180 1009 1269 1049 effet
1292 1008 1543 1060 praetermissa
1554 1037 1566 1054 ,
1585 1009 1708 1048 Bene«

449 1063 572 1103 diftus
587 1064 740 1103 reddidit
749 1065 893 1115 primum
907 1064 940 1101 in
955 1064 1033 1102 nodi
1043 1066 1174 1102 modum
1184 1094 1195 1112 ‚
1210 1066 1302 1115 quod
1310 1064 1407 1102 aiunt
1417 1094 1428 1111 ‚
1440 1063 1631 1116 constringe.
1650 1063 1706 1102 Ut

453 1117 568 1156 laudo
582 1130 709 1157 curam
723 1148 736 1164 ‚
756 1117 807 1157 stc
823 1117 933 1170 quale
955 1117 1151 1156 dicterium
1167 1116 1276 1169 poffit
1291 1116 1364 1156 effe
1378 1115 1493 1166 ἅμμα
1507 1117 1710 1170 σφίγγειν,

449 1183 551 1222 quae
570 1170 653 1210 lunt
667 1184 785 1211 voces
801 1171 1004 1224 fimplices,
1027 1183 1105 1209 non
1124 1172 1256 1222 capio,
1274 1183 1344 1209 nec
1364 1171 1516 1209 memini
1537 1169 1587 1209 stc
1603 1168 1710 1222 legis-

449 1224 498 1263 se.
517 1224 587 1264 Sed
614 1237 738 1276 neque
760 1227 864 1264 κατὰ
879 1226 993 1276 λόγον
1018 1224 1069 1262 ita
1086 1223 1244 1263 sumitur
1262 1225 1310 1262 ab
1325 1224 1518 1271 Luciano,
1537 1233 1580 1262 ut
1604 1233 1710 1275 patet

450 1290 499 1317 ex
514 1278 830 1331 Icaromenippo:
854 1280 964 1316 Κατὰ
978 1277 1092 1331 λὸγον
1114 1273 1216 1326 οἶμαι
1239 1275 1256 1317 ἦ
1273 1277 1426 1316 Ἀττικὴ
1443 1274 1712 1326 πολλοστκμό·

450 1347 522 1382 ρων
542 1325 590 1371 νῖν.
609 1331 656 1371 Et
671 1332 769 1371 alibi.
794 1331 908 1370 Aliud
921 1330 973 1370 est
993 1334 1038 1370 τὸ
1052 1329 1119 1370 τοῦ
1137 1334 1266 1384 Λόγου.
1284 1331 1414 1383 ltaque
1434 1329 1681 1369 intellexerim
1696 1360 1711 1377 ,

449 1387 594 1437 primum
618 1398 655 1423 ut
684 1387 771 1425 ratio
798 1386 925 1438 exigit,
944 1384 1007 1423 vel
1034 1397 1105 1436 pro
1132 1397 1239 1423 more
1265 1384 1453 1430 luaandi,
1473 1384 1566 1422 velue
1583 1385 1709 1422 nodum

438 1440 575 1491 stringe.
603 1439 704 1478 Hinc
717 1439 819 1478 enim
843 1437 1069 1490 incipiebant
1087 1437 1232 1483 melae,
1251 1448 1293 1477 ut
1311 1437 1485 1477 constare
1505 1436 1626 1490 potest
1640 1436 1708 1476 vel

451 1504 498 1530 ex
516 1493 628 1530 initio
649 1492 761 1531 libelli
775 1492 820 1531 de
833 1491 1056 1543 Gymnastis
1068 1520 1079 1537 ‚
1099 1491 1198 1531 τίνος
1216 1489 1321 1531 ἕνεκα
1336 1490 1364 1530 oi
1380 1492 1449 1531 νέοι
1471 1490 1654 1536 ποιοῦσιν,
1679 1489 1710 1530 οἱ

447 1543 516 1594 μὲν
540 1543 665 1585 αὐτῶν
691 1544 998 1598 περιπλεκόμενοι
1025 1544 1098 1585 &c.
1126 1545 1214 1585 licet
1235 1545 1327 1585 haec
1353 1557 1510 1598 quoque
1534 1543 1579 1584 fit
1605 1554 1710 1585 certa

451 1597 592 1651 species
612 1599 745 1640 laetae.
765 1598 911 1639 GRON.

504 1653 583 1690 ibid.
599 1651 663 1691 Ὡς
677 1650 795 1705 ἅμμα
808 1652 961 1706 σφίγγε
974 1650 991 1705 )
1006 1650 1099 1692 Scali
1128 1664 1168 1691 er
1185 1651 1230 1691 ad
1251 1650 1386 1691 Euseb.
1401 1651 1573 1692 Incertus
1596 1651 1712 1691 inter-

451 1718 538 1757 pres
552 1706 664 1745 huius
677 1706 830 1758 Dialogi
841 1707 885 1745 ad
899 1707 1083 1745 incertum
1115 1719 1206 1758 aepe
1217 1705 1397 1745 lectorem
1413 1706 1527 1745 ducit.
1542 1705 1712 1756 Reliqua

450 1759 488 1797 in
503 1772 551 1798 eo
565 1759 733 1812 Dialogo
746 1759 831 1799 satis
843 1770 935 1799 nota
947 1772 995 1798 ex
1009 1760 1288 1798 commentariis
1300 1759 1397 1798 Petri
1408 1758 1552 1804 Colvii‚
1566 1758 1606 1799 δι
1618 1760 1713 1799 alio-

452 1826 537 1851 rum
550 1842 561 1857 ,
577 1813 642 1865 qui
659 1813 883 1865 scripserunt
899 1813 944 1852 ad
959 1811 1123 1852 Milefias
1137 1813 1290 1866 Apuleii
1302 1843 1314 1860 ‚
1328 1813 1439 1852 etiam
1457 1811 1533 1865 ipse
1546 1812 1647 1852 solus
1661 1813 1714 1852 A-

453 1865 603 1918 puleius
618 1867 718 1906 hunc
733 1866 798 1906 fibi
813 1879 1036 1921 proponens
1049 1865 1272 1918 Dialogum,
1284 1866 1373 1905 dum
1387 1867 1458 1906 alia
1475 1867 1520 1905 de
1534 1865 1604 1906 suo
1615 1879 1713 1906 con-

452 1920 594 1966 nectit,
619 1920 833 1973 interpretis
852 1919 1024 1972 fungitur
1046 1919 1184 1959 officio.
1202 1921 1372 1959 Eoum).
1399 1918 1606 1959 Palaestrae
1628 1932 1712 1959 vox

453 1970 570 2024 ξἰμμιι
581 2004 594 2022 ,
607 1974 787 2028 usurpata
807 1975 918 2013 etiam
934 1974 1146 2014 Theocrito
1160 1972 1358 2012 Dioscuris
1372 1972 1395 2012 s.
1408 1973 1461 2012 Id.
1478 1988 1526 2013 22
1538 2003 1552 2020 ,
1571 1973 1643 2020 66,
1663 1995 1709 2004 —

454 2026 520 2066 ubi
536 2027 633 2067 male
648 2028 831 2079 interpres
842 2029 956 2067 oculos
970 2027 1067 2065 dedit
1083 2057 1092 2071 ‚
1107 2026 1210 2079 quast
1225 2026 1340 2066 effent
1351 2026 1526 2078 ᾎμματα.
1544 2026 1671 2068 GESN.

508 2082 580 2118 ead.
599 2082 622 2119 l.
644 2081 698 2120 16.
713 2081 871 2132 Κρύψον)
885 2079 1023 2119 Forsan
1041 2079 1170 2130 κόψον.
1189 2079 1357 2120 GUYET.

509 2135 584 2173 ead.
602 2134 626 2173 l.
643 2147 701 2184 17.
717 2134 774 2174 Μὴ
786 2134 1034 2186 ἀναπετάσῃς)
1049 2133 1161 2173 Iocus
1177 2133 1214 2171 in
1229 2134 1426 2186 ambiguo.
1438 2133 1607 2174 GUYEr.

512 2187 602 2239 Pag.
623 2188 744 2236 1421.
767 2187 968 2235 ι.”Ύφελε)
983 2190 1027 2224 Tb
1044 2188 1135 2226 πέος
1149 2185 1286 2226 forsan.
1304 2187 1473 2228 GUYET.

509 2244 582 2279 ead.
596 2242 619 2279 l.
644 2254 678 2280 2.
703 2241 975 2294 Παρεμβολίιν)
999 2241 1046 2279 Le
1066 2256 1141 2293 croq
1155 2257 1193 2279 en
1216 2240 1347 2291 jambe,
1369 2241 1431 2281 hic
1455 2241 1567 2282 virile
1593 2253 1714 2281 mem-

454 2294 580 2334 brum.
601 2293 769 2335 Gon-r.

509 2350 581 2386 ead.
596 2348 619 2386 l.
636 2361 672 2397 7.
687 2347 876 2398 Κάθησον)
894 2348 995 2401 Lege
1013 2347 1175 2387 κάθισον.
1188 2347 1354 2388 GUYET.
1373 2347 1712 2399 Guyetiemenda-

457 2399 552 2441 tioni
567 2400 672 2441 favet
692 2399 763 2440 Ms.
778 2401 875 2454 Reg.
898 2415 1010 2454 2955.
1025 2399 1095 2440 Sed
1118 2401 1250 2441 κάθησο
1274 2414 1362 2440 cum
1383 2402 1468 2440 Pell.
1483 2401 1586 2441 malit
1599 2402 1646 2441 cl.
1661 2402 1708 2441 Β.

454 2455 502 2493 de
518 2455 609 2494 Ball.
625 2454 688 2494 De
707 2453 917 2494 differentia
939 2456 1035 2496 inter
1055 2454 1191 2509 καθίζω
1205 2455 1246 2496 &
1265 2455 1465 2508 καθέζομαι
1480 2456 1554 2498 vid.
1573 2455 1712 2496 Soloe-

456 2508 534 2548 cist.
550 2508 567 2557 §
592 2523 606 2547 ι
619 2522 650 2556 1,
664 2508 790 2562 ibique
803 2519 898 2549 nott.
