1764 3419
352 259 451 304 IN
517 254 1023 305 TOXARIN.
1116 275 1119 277 -
1220 272 1310 326 445

163 351 192 386 H
220 351 372 387 ΒΟΤΛΗ
401 353 457 387 ΕΞ
484 351 609 387 ΑΡΕΙΟ
638 377 648 388 .
679 377 688 387 .
720 376 730 387 .
758 376 768 386 .

162 406 256 440 ΤΩΝ
285 405 546 440 ΕΞΑΚΟΣΙΩΝ
574 430 583 440 .
613 430 623 440 .
652 431 662 440 .

351 455 428 494 &c.
562 454 636 494 &c.

56 504 268 561 Quamque
286 507 336 547 fic
357 507 598 560 supplendam
618 507 843 547 arbitratur:

163 565 193 598 H
220 565 372 600 ΒΟΤΛΗ
400 565 429 598 H
458 566 514 599 ΕΞ
543 565 699 599 ΑΙἘΙΟΤ
727 565 887 599 ΠΑΓΟΎ
914 565 987 599 ΚΑΙ

160 619 190 652 Η
217 619 369 653 ΒΟὙΛΗ

163 671 256 706 ΤΩΝ
285 671 548 707 ΕΞΑΚΟΣΙΩΝ
578 667 650 707 &c.
674 665 822 707 Rnrz.

109 721 202 774 Pag.
215 720 279 759 86.
294 722 316 759 l.
337 734 368 771 5.
383 716 577 785 Εργενων)
593 719 654 759 De
668 721 895 761 Menecratis
908 720 983 761 filia
997 720 1179 768 deformi,
1202 738 1241 762 ην
1256 720 1318 763 0⁸3-

54 774 99 814 Σὲ
109 777 213 825 μετὰ
229 774 358 814 πάσης
373 787 441 812 της
455 769 583 813 συείοις
598 788 664 812 του
683 789 843 826 πατρος,
850 791 902 839 ,ην
920 790 970 829 ’γε
988 778 1055 827 προ
1067 775 1135 815 τῆς
1150 777 1317 816 mmsi-

57 842 122 867 κης
135 828 336 872 ἐκέκτητο,
354 824 503 890 ηξίωσεν
517 842 561 866 αν
582 841 642 866 τις
664 827 737 866 τῶν
757 842 807 881 γε
823 825 981 892 εὐγενων
994 829 1056 867 καὶ
1070 843 1229 869 πενητων
1251 831 1318 881 ρςι·

55 880 145 920 sicas
159 880 409 932 παραλαβειν,
424 877 521 919 οὕτω
536 879 797 931 nanosces-uorat
813 895 926 920 ουσαν
940 881 1008 921 τὴν
1025 884 1042 919 ’ό
1045 882 1124 932 sstv.
1149 886 1262 933 Quam
1277 900 1318 923 ne

55 949 130 973 cum
151 936 240 973 omni
253 935 382 987 quidem
392 934 503 984 patris
515 934 725 987 substantia,
739 949 838 987 quam
852 947 928 974 ante
941 937 1092 975 muleram
1105 937 1316 988 poffi‘derat,

56 989 217 1039 dignatus
228 988 351 1040 Juzffet
361 988 569 1040 quisq1tam
557 1001 721 1039 Ingenuus
735 1003 776 1027 ac
789 1002 922 1040 pauper
927 988 1036 1039 faczle
1047 1004 1209 1042 acctpere,
1231 1006 1317 1043 quae

47 1040 166 1093 forma
190 1041 268 1094 effic
289 1054 358 1080 tam
382 1041 519 1093 infilici.
539 1041 601 1080 Sic
624 1040 796 1080 Erasmus
818 1042 943 1081 vertit.
971 1042 1061 1081 Non
1080 1044 1132 1082 est
1152 1044 1316 1092 mirum,

55 1095 204 1134 nullum
216 1095 292 1135 τῶν
303 1090 464 1148 εὐγενῶν
477 1095 551 1134 hoc
563 1095 845 1159 spinturniciurn
861 1094 1020 1135 voluiffe
1029 1096 1174 1135 ducere
1185 1096 1321 1137 Omni-

57 1161 112 1187 no
127 1147 362 1188 scribendum
385 1161 433 1187 ex
457 1147 528 1186 Ms-
549 1162 657 1186 τωνῡ
641 1147 820 1201 αγεννῶν,
833 1148 1066 1208 obscurorum,
1080 1151 1203 1188 exima
1213 1153 1319 1203 plebe.

56 1201 230 1242 GRAEv.
243 1204 332 1256 ’sAy
336 1200 450 1248 ννων)
467 1201 641 1240 Debetur
657 1202 748 1240 haec
769 1204 932 1253 genuina
951 1201 1139 1254 scriptura
1157 1204 1227 1243 Ms.
1250 1204 1322 1246 Gr.

57 1254 98 1294 Ρ.
112 1256 154 1294 L.
170 1255 211 1294 &
227 1256 306 1295 edd.
324 1256 354 1294 I.
371 1256 410 1294 δι
427 1256 471 1294 V.
488 1268 522 1293 2.
542 1267 630 1293 nam
643 1255 992 1308 depravatiffimein
1006 1256 1160 1309 reliquis
1179 1257 1318 1310 legitur

130 1323 227 1349 ενων
241 1309 398 1348 SOLAN.

56 1303 197 1401 ⁵132illn'd.
203 1361 459 1416 Παραλαβεῖν)
476 1361 678 1415 Proprium
700 1360 774 1402 effe
794 1362 840 1402 de
859 1375 983 1402 uxore
996 1362 1226 1414 recipienda,
1248 1363 1322 1402 do-·

55 1428 164 1455 mum
175 1416 406 1462 deducenda
420 1417 549 1455 multis
560 1416 671 1456 docet
685 1415 825 1455 Elsner
840 1418 885 1455 ad
896 1416 1043 1468 Evang.
1057 1417 1192 1455 Matth.
1206 1417 1237 1463 1,
1253 1430 1319 1463 20,

57 1469 124 1508 ubi
137 1469 259 1522 legas,
272 1485 324 1520 μη
338 1468 492 1520 φοβῡθιις
507 1469 740 1522 παραλαβεῖν
755 1469 997 1523 'rnv‘yvraml‘
1013 1484 1090 1509 σου.
1105 1470 1253 1509 REITZ.

106 1525 182 1562 ead.
199 1524 221 1560 l.
247 1523 284 1561 8.
304 1521 440 1562 Ταῦτα
462 1526 552 1576 προς
572 1538 636 1562 τον
663 1523 851 1573 Ζηνόθεμιν
879 1523 1114 1576 ἀποδυρετο)
1139 1525 1319 1563 Verterat

54 1576 204 1628 optime
225 1576 401 1616 Erasmus
420 1589 486 1628 per
509 1577 671 1616 verbum
692 1577 881 1629 deploraret.
901 1577 940 1615 ld
963 1575 1137 1615 Salmurii
1161 1577 1316 1617 futiliter

54 1630 327 1682 degeneravit
318 1642 356 1668 ιη
372 1631 570 1680 declararet,
592 1642 636 1670 ac
651 1643 844 1683 perperam
861 1631 896 1668 in
919 1630 990 1669 hac
1009 1631 1174 1670 editione
1193 1642 1321 1670 reten-

57 1694 152 1723 tum.
166 1683 372 1723 Cavebunt
367 1682 493 1744 *spero
506 1683 660 1736 posteri.
673 1683 818 1724 GRON.
831 1681 972 1722 ’zAvf-ros'·
968 1684 1072 1736 ρετο)
1085 1684 1226 1736 Turpis
1241 1697 1322 1723 ma-

54 1736 153 1777 cula.
173 1737 302 1776 Scribe
316 1738 424 1776 ocius
445 1736 601 1788 &vroeszip
604 1752 676 1776 ετο.
691 1738 817 1777 Vertit
836 1737 1095 1776 salmuriensis
1116 1739 1320 1786 declararet,-

53 1803 170 1843 quam
183 1789 331 1830 futilem
346 1790 590 1830 versionem
581 1804 656 1829 iam
671 1790 866 1843 castigavit
889 1790 1121 1830 Gronovius
1136 1804 1219 1844 pag
1238 1805 1319 1843 904

56 1844 115 1883 ed.
137 1843 282 1885 Graev.
300 1844 408 1883 IENS.
423 1843 576 1883 ’Amasis
579 1845 687 1896 ρετο)
709 1845 822 1884 Hanc
841 1856 982 1883 vocem
1006 1845 1318 1884 emaculavimus.

53 1897 98 1936 In
113 1898 293 1937 omnibus
303 1899 405 1937 enim
422 1899 590 1950 exceptis
601 1897 695 1938 Baff.
719 1897 862 1950 dorosa?
865 1912 926 1936 ετο
938 1898 1145 1949 legebatur
1160 1897 1321 1937 SOLAN.

56 1950 182 2003 Quod
205 1951 386 1991 Gronov.
410 1963 564 1997 monet,
585 1953 747 1990 cavebunt
761 1952 904 2004 posteri,
925 1952 960 1990 id
979 1951 1136 1991 Gesner.
1158 1952 1221 1991 vel
1241 1952 1321 1991 sine

55 2004 127 2044 hac
143 2005 354 2045 monitione
368 2004 625 2058 praestitisset,
646 2016 688 2044 ut
703 2005 903 2057 praestitit:
928 2005 1032 2057 quod
1047 2005 1187 2044 Bened.
1207 2006 1321 2044 decla-

0 2073 1 2087 2
55 2070 144 2097 raret
157 2058 298 2098 dederit
310 2089 322 2105 ‚
336 2059 374 2097 id
394 2059 532 2098 vitium
546 2059 875 2111 typographicum
890 2058 1006 2097 credo
1018 2089 1030 2105 ‚
1045 2071 1133 2097 cum
1152 2060 1320 2098 declama-

54 2123 103 2151 ret
115 2112 309 2160 voluerit3
329 2113 444 2163 idque
465 2111 590 2152 forsan
613 2113 741 2151 eadem
764 2113 921 2151 notione
935 2113 1053 2164 accipi
1075 2112 1202 2151 voluit
1216 2143 1227 2160 ‚
1244 2124 1322 2164 qua

53 2167 238 2218 deplorare.-
257 2179 344 2205 nam
359 2165 497 2206 Graeci
512 2166 624 2205 verbi
639 2167 719 2204 vim
740 2165 776 2204 ei
803 2166 1037 2217 incognitam
1062 2164 1170 2204 fuiffe
1183 2196 1192 2213 ‚
1210 2179 1321 2218 pror-

53 2218 115 2258 sus
128 2218 181 2258 est
193 2219 391 2258 ὄιέὑνατον·
411 2219 519 2271 quod
532 2232 629 2259 vero
641 2219 860 2260 Graeviana
874 2220 932 2259 ed
948 2219 986 2258 id
1003 2218 1184 2267 servarit,
1201 2220 1320 2271 magis

53 2273 319 2328 culpandum.
316 2273 463 2312 Rerrz.

108 2329 181 2364 ead.
196 2327 220 2364 l.
241 2339 298 2364 11.
300 2321 454 2379 Ἠγεν)
471 2326 531 2367 Sic
544 2325 645 2366 ῐεᾶε
667 2326 709 2366 L.
730 2321 867 2367 InP.
845 2327 943 2367 ἧσεν.
961 2326 1006 2365 In
1029 2324 1210 2379 impreflis
1225 2337 1321 2365 vero

55 2393 150 2419 ηκεν.
169 2379 327 2418 SOLAN.

113 2433 201 2485 Pag.
215 2433 266 2482 87
268 2433 315 2473 l.
328 2433 363 2472 6.
376 2429 827 2486 Συγκαταζευγνύμενον)
839 2432 925 2484 Qui
938 2431 1070 2478 nescit
1086 2433 1129 2470 ’rb
1143 2430 1321 2484 ζεύγνυμι

55 2484 211 2537 eiusque
222 2473 438 2538 compofita
451 2487 496 2525 de
509 2487 754 2525 matrimonio
768 2488 921 2532 iunffis,
931 2497 996 2524 aut
1011 2486 1207 2536 iungendis
1220 2485 1321 2523 adhi

57 2538 138 2579 beri
150 2538 320 2587 solitum
334 2540 443 2580 adeat
457 2540 532 2582 lac
542 2538 683 2581 Elsner.
696 2540 742 2582 ad
752 2540 902 2594 Evang
917 2540 1039 2580 Marc.
1057 2537 1322 2592 X,9.R1·:1·rz÷
