1764 3419
469 245 565 294 490
667 229 1527 279 ANNOTATIONES

469 320 553 361 &us
565 330 642 358 tam
663 318 893 371 perspicuam
916 318 1167 371 tautologiam
1182 318 1281 358 ferre
1300 332 1377 359 non
1391 322 1535 371 potuit,
1551 320 1590 360 δι
1610 321 1646 361 in
1659 322 1729 363 La·

469 374 548 411 tina
570 373 631 411 sua
655 373 828 413 versione
849 372 1076 412 luxuriantia
1100 374 1217 411 verba
1240 372 1458 426 suppreffit,
1481 375 1726 429 ultimamque

471 426 676 466 clausulam
695 426 831 465 omisit.
856 426 944 464 ldeo
964 425 1126 478 legerem
1139 455 1150 472 ‚
1173 426 1234 474 δι,
1249 425 1278 465 fi
1301 439 1379 466 non
1395 440 1456 466 me
1474 427 1574 467 fallat
1595 429 1726 482 opinio

473 492 582 524 mea,
602 480 899 527 aoprobantibus
915 479 952 517 id
973 479 1151 518 omnibus
1166 480 1295 531 aequis
1309 479 1500 519 Atticismi
1521 481 1727 532 iudicibus,

475 536 539 570 0⁶1*
551 536 630 586 γὰρ
642 529 677 572 ἷν
694 535 992 572 ΚΑΤΑΒΑΝΤΟΣ
1009 531 1127 583 χεῖρα
1140 531 1215 571 &c.
1227 545 1271 571 ac
1283 530 1311 571 fi
1321 532 1463 572 dixiffet
1474 564 1484 579 ,
1501 534 1568 583 ille,
1579 537 1726 588 adquem

469 587 654 638 pertinebat
671 588 750 624 haec
761 585 871 639 officia
880 587 1042 636 praestare
1050 614 1062 630 ,
1074 601 1114 623 ne
1125 600 1227 624 unum
1240 587 1368 638 quidem
1378 588 1537 639 praestitit
1548 616 1559 633 ‚
1568 588 1635 639 sed
1644 604 1724 629 con·

476 641 616 677 trarium
633 640 783 691 prorsus.
797 637 900 677 Olim
914 638 1005 677 mihi
1023 636 1223 690 scrupulus
1236 640 1423 679 incidebat
1445 641 1545 680 circa
1564 641 1728 689 locutio·

472 703 560 730 nem
575 692 682 737 hanc,
695 697 740 731 τὸ
754 692 899 743 φορτίον
918 691 1082 742 ἀφελεῖν·
1101 705 1147 730 aii
1161 691 1205 730 sit
1217 705 1311 745 pura
1325 692 1479 745 phrasis,
1492 693 1728 735 literatorum

471 744 616 784 iudicio
629 745 851 797 relinquam.
866 746 1010 784 Herod.
1024 744 1123 785 Clio.
1139 758 1220 797 cap.
1235 745 1286 784 80
1297 775 1310 791 ,
1327 745 1478 786 ταύταις
1491 744 1625 786 wine
1640 747 1727 788 ἁλί·

473 811 560 841 σας,
574 798 624 851 (i.
642 812 675 839 e.
694 798 874 839 Camelos
888 800 902 844 )
917 799 980 836 mi
994 799 1143 838 ἀπελὼν
1158 801 1213 838 τὰ.
1228 798 1370 852 ἄχθεα,
1384 800 1452 840 Uti
1467 799 1525 840 hic
1539 800 1702 854 legerem
1712 830 1728 849 ,

473 852 539 890 καὶ
553 857 597 891 τὸ
621 852 764 903 φορτίον
782 851 935 904 ἀφελεῖν
951 873 1011 890 —-.
1025 852 1078 891 Ut
1100 853 1192 890 mihi
1213 854 1376 900 videtur,
1400 853 1439 892 in
1460 853 1618 894 Luciani
1636 854 1728 896 loco

474 906 595 945 modo
615 906 790 952 laudato,
809 906 824 944 ὅ
847 905 891 946 <3³2
911 905 996 944 οὔτε
1016 903 1192 946 κατῆλθεν
1207 928 1252 936 -
1273 919 1352 946 non
1374 905 1477 946 refile
1500 905 1666 960 sequitur
1683 908 1725 950 δε

473 961 657 999 convenit
671 972 758 999 cum
771 953 899 1013 οὗγὶις
912 952 948 999 »iv
961 959 1210 1004 καταβάντος.
1225 959 1296 999 Sed
1311 960 1402 1000 haec
1413 960 1611 1001 difficultas
1625 961 1726 1003 facili

474 1013 594 1052 modo
608 1013 770 1060 tollitur,
782 1013 940 1065 legendo
954 1012 1196 1068 solummodo
1210 1013 1274 1053 ‘ose
1293 1013 1382 1052 loco
1399 1012 1519 1054 61³4.»
1536 1014 1642 1055 Haec
1655 1015 1730 1057 ille»

472 1065 544 1105 Sed
558 1066 738 1119 pleraque
751 1066 898 1106 frustra.
916 1067 1016 1105 Nam
1033 1067 1156 1118 primo
1171 1069 1206 1107 ἦν
1221 1068 1410 1116 καταβὰς,
1425 1080 1496 1120 pro
1509 1068 1724 1117 κατέβαινε,

474 1120 699 1173 periphrasis
724 1122 822 1160 adeo
844 1120 897 1160 est
919 1119 1076 1168 usitata,
1094 1131 1139 1159 ut
1161 1121 1227 1159 vix
1252 1133 1353 1172 opus
1373 1119 1418 1159 sit
1436 1122 1583 1161 modice
1602 1123 1729 1174 perito

473 1175 647 1228 exempla
663 1174 970 1214 commonstrare.
993 1173 1112 1214 Reae
1135 1187 1232 1213 vero
1255 1175 1349 1214 alius
1368 1173 1605 1226 Anonymus
1624 1175 1668 1216 Β.
1690 1177 1728 1216 ἱη

474 1238 572 1267 nott.
589 1229 633 1267 ad
647 1228 789 1268 easdem
807 1228 1027 1269 Observatt.
1042 1240 1130 1266 eum
1146 1228 1196 1267 ob
1211 1228 1246 1266 id
1266 1227 1523 1281 reprehendit,
1542 1228 1731 1283 usumque

474 1282 588 1321 huius
610 1283 793 1335 participii
813 1296 834 1321 a
859 1282 1014 1322 Budaeo
1030 1293 1073 1320 ac
1097 1280 1227 1337 Stephg
1243 1282 1317 1320 iam
1338 1281 1423 1321 satis
1443 1281 1631 1322 ostensum
1657 1285 1733 1331 ait,

472 1336 650 1389 additque
666 1336 812 1375 Aelian.
832 1337 882 1376 V.
903 1337 951 1374 H.
965 1333 1026 1381 ΙΙ,
1049 1350 1094 1384 4,
1119 1337 1184 1374 ubi
1202 1338 1241 1375 ἠν
1267 1335 1520 1375 ἑσπουὲοικώς.
1545 1335 1618 1376 Cui
1633 1337 1730 1378 addo

472 1402 594 1429 unum
619 1390 783 1428 maxime
797 1390 931 1429 efficax
953 1402 1001 1428 ex
1017 1387 1171 1428 Aristot.
1193 1389 1247 1428 IV
1267 1390 1432 1442 Metaph.
1454 1402 1537 1442 cap.
1551 1402 1598 1436 7:
1616 1387 1732 1431 Οὐθὲν

471 1442 644 1494 ἓιοιφέρει
658 1446 700 1481 τὸ
717 1442 898 1493 ἅνθρωπος
915 1439 1092 1497 ὑγιαίνων
1117 1443 1232 1488 ἐστὶν,
1249 1443 1267 1482 ii
1288 1445 1332 1482 τὶ
1352 1442 1534 1496 ἄιθρωττος
1551 1442 1571 1481 ὑ
1606 1444 1727 1484 ιοιίνει.

472 1497 492 1535 ἦ
509 1500 552 1535 τὸ
574 1497 754 1545 ὥνθρωπος
774 1497 939 1548 βαδίζων,
958 1496 1061 1536 ἐστὶν
1077 1496 1095 1536 ἢ
1116 1497 1272 1546 τέμνων,
1286 1496 1353 1536 τοῦ
1369 1497 1550 1550 ἀνθρώπου
1565 1459 1729 1544 βαδίζειν

470 1550 493 1589 ἦ
507 1552 665 1596 τέμνειν.
682 1550 804 1602 Quod
819 1551 981 1602 exempl.
995 1561 1084 1589 cum
1096 1552 1226 1589 decem
1241 1551 1322 1590 aliis
1333 1550 1517 1591 similibus
1528 1547 1638 1590 affert
1653 1551 1730 1591 fra-

470 1613 529 1643 ter
544 1603 592 1644 G.
606 1603 656 1643 O.
676 1604 796 1643 Reitz.
814 1606 849 1643 in
865 1604 968 1658 Belg.
990 1603 1128 1645 Graec.
1144 1618 1177 1656 p.
1197 1618 1273 1654 402
1293 1619 1378 1658 —3.
1395 1605 1485 1658 (qui
1499 1615 1623 1645 tamen
1640 1618 1728 1646 cum

470 1656 701 1697 dostiffTen
712 1659 836 1698 Katen
851 1658 1125 1712 aliquantillum
1140 1657 1370 1698 differentiae
1383 1658 1524 1709 statuit:
1536 1659 1641 1711 quod
1654 1660 1728 1699 iam

469 1723 551 1749 non
565 1711 825 1764 disquirimus,
845 1713 1014 1752 contenti
1032 1711 1296 1752 demonstrasse
1309 1712 1441 1765 utique
1451 1711 1640 1765 Graecam
1654 1712 1727 1754 effe

468 1766 743 1819 periphrasin.)
772 1766 893 1805 Immo
917 1766 955 1806 δι
984 1766 1155 1805 Luciano
1178 1778 1259 1804 non
1282 1764 1502 1819 infrequens
1522 1765 1601 1822 esto
1626 1777 1668 1806 ut
1691 1768 1730 1807 in

470 1818 622 1871 Quom.
636 1818 731 1859 Hafl.
747 1833 778 1859 c.
797 1834 830 1873 3,
850 1819 885 1858 ἐν
906 1816 934 1869 ξὲἶ
957 1819 1161 1873 έττιγμινε
1181 1818 1297 1858 οὶκῶν.
1312 1817 1414 1858 Infra
1427 1832 1458 1860 c.
1477 1834 1545 1872 52,
1563 1822 1599 1861 ἢν
1611 1819 1731 1860 sihi·-

467 1870 543 1924 ξας
569 1872 614 1911 Et
633 1872 719 1913 Gall
746 1887 777 1913 c.
804 1887 867 1923 19,
884 1872 1126 1923 ἀποσκώψας
1145 1871 1216 1923 ἔσῃ·
1238 1873 1277 1912 &
1301 1873 1408 1913 simil.
1428 1886 1526 1926 quae
1541 1886 1588 1913 ex
1604 1872 1730 1915 Indice

467 1929 661 1978 patebunt.
686 1927 738 1965 lta
754 1927 887 1972 Latini,
901 1937 941 1966 ut
956 1927 1098 1966 Sallust.
1115 1927 1270 1966 declam.
1285 1927 1332 1975 11,
1345 1943 1380 1966 es
1395 1929 1529 1966 liabens.
1551 1926 1652 1966 Dein
1663 1926 1732 1967 τοῦ

467 1980 664 2019 ἐπιέοιὶνοιι
687 1981 818 2033 quidni
836 1982 998 2019 maxime
1020 1981 1183 2033 probum
1200 1979 1288 2019 esset
1304 2012 1315 2029 ‚
1335 1994 1422 2020 cum
1443 1981 1488 2021 sit
1506 1980 1640 2033 ellipsis
1661 1980 1729 2022 τοῦ

466 2030 598 2079 ἕνεκα,
622 2047 700 2073 non
727 2034 954 2075 sexcenties,
969 2034 1029 2073 sed
1047 2033 1108 2072 sex
1124 2034 1254 2073 millies
1271 2033 1536 2089 frequentata?
1560 2047 1647 2074 cum
1665 2047 1729 2088 ge·

464 2088 592 2125 nitivis
612 2090 811 2126 nominum
830 2088 1148 2139 lubstantivorum
1167 2088 1319 2143 quidem
1340 2088 1594 2141 frequentior3
1613 2087 1674 2128 sed
1689 2090 1730 2131 δι

464 2153 552 2180 cum
574 2142 735 2180 articulo
758 2141 799 2180 &
826 2141 1039 2188 infinitivo,
1059 2153 1104 2180 ut
1119 2142 1269 2181 Heliod.
1286 2143 1400 2181 Aeth.
1423 2142 1464 2184 L.
1482 2142 1558 2188 ΚΧ,
1576 2156 1612 2193 p.
1630 2156 1731 2192 420,

463 2194 598 2247 (quem
615 2195 658 2234 ad
676 2208 798 2248 partes
818 2206 933 2234 vocat
950 2195 1090 2234 Elsner.
1112 2195 1171 2234 sed
1193 2195 1293 2235 aliud
1307 2209 1436 2248 agens,
1455 2197 1498 2234 ad
1515 2211 1536 2235 2
1549 2195 1676 2236 Their.
1692 2210 1730 2242 2,

464 2249 520 2292 2.)
542 2249 609 2287 τοι]
632 2247 722 2288 εἶναι
749 2250 808 2286 mi
824 2250 994 2288 τεθνᾶνιιι
1012 2247 1187 2288 σαλεύων.
1203 2248 1329 2289 Immo
1345 2250 1405 2289 vel
1424 2247 1491 2289 τοῦ
1509 2249 1632 2289 solum
1657 2262 1729 2301 pro

461 2301 530 2341 τοῦ
551 2299 657 2341 ἕνεκα
679 2302 870 2353 Aristoph.
893 2303 994 2341 Nub.
1014 2317 1074 2342 22.
1089 2303 1249 2349 Tertio»,
1268 2302 1402 2342 frustra
1420 2304 1533 2342 etiam
1553 2303 1569 2342 ὅ
1586 2301 1632 2343 δὲ
1654 2302 1729 2343 sol-

462 2355 644 2398 licitatur,
665 2357 769 2408 quod
787 2355 961 2405 {vavbscp
983 2355 1146 2395 inservit.
1162 2356 1248 2395 Vid.
1264 2356 1375 2409 supra
1392 2358 1568 2396 Hermot.
1591 2370 1624 2396 c.
1641 2356 1686 2396 28
1703 2355 1730 2396 f.

452 2408 536 2450 “Os.
550 2409 630 2448 θεον
650 2410 717 2449 τὴν
739 2409 938 2449 vuarinus«.
960 2408 1269 2460 κατατοξεῦσαι,
1286 2410 1301 2448 ὃ
1316 2410 1361 2450 ἑὲ
1377 2410 1445 2451 τὴν
1464 2409 1627 2462 μήρινθον
1648 2409 1730 2449 ἔτι·

459 2477 527 2513 μεν
545 2463 620 2502 &c.
638 2463 684 2502 Et
700 2464 907 2502 Herodian.
928 2463 984 2507 11,
997 2477 1030 2502 c.
1050 2463 1071 2502 8
1089 2463 1114 2502 f.
1134 2464 1326 2515 Repetitio
1339 2477 1438 2504 vero
1451 2463 1502 2503 fic
1519 2463 1731 2507 defenditur

459 2517 499 2556 in
515 2518 616 2558 notis
637 2516 858 2559 observant.
877 2515 1038 2558 Miscell.
1058 2543 1088 2566 ,‚
1114 2517 1277 2558 Videtur
1291 2517 1437 2568 asinus,
1451 2518 1660 2573 aegerrime
1678 2516 1735 2565 seg
