1764 3419
243 232 311 279 IN
345 232 558 279 IOVEM
595 232 1058 279 CONFUTATUM.
1131 269 1135 271 -
1203 251 1285 298 511

86 318 172 359 ibid.
186 317 339 372 Ἐξάγει
355 320 434 371 ’γᾶς
447 313 559 357 adrev
577 314 595 359 ἦ
613 317 730 371 Μοῖραι
747 317 1071 373 κυνηγετήσοντα,
1093 319 1157 358 καὶ
1172 336 1298 370 παροι-

29 369 143 413 mae«
163 371 210 421 τῇ
224 370 359 424 αιχμῇ
374 372 390 423 )
409 370 649 422 Perspicuum
671 372 723 410 est
741 372 782 411 &
798 385 844 412 ex
862 371 1031 425 sequenti
1047 373 1268 423 παραὸιένσει
1282 404 1294 420 ,

31 426 73 466 &
99 437 147 464 ex
169 424 247 478 ipsa
272 427 409 465 relatae
433 425 605 464 historiae
631 426 803 471 ratione,
825 425 1023 476 legendum
1051 425 1124 464 effe
1147 427 1295 477 ἐξάξει.

32 478 137 518 ῙεΝε.
154 479 252 517 Vide
276 479 422 517 Herod.
437 478 476 526 1,
497 490 581 530 pag.
601 492 637 529 9.
656 478 815 518 SOLAN.
836 477 948 517 Plane
973 477 1150 517 affentior
1170 479 1296 519 lensio

31 531 162 582 ἐξάξει
181 531 333 583 legenti.
356 532 459 570 Licet
479 533 580 570 enirn
599 532 719 583 probe
737 533 995 579 meminerim,
1014 544 1091 570 non
1107 532 1219 571 semel
1235 546 1298 573 me

20 584 141 636 'supra
157 584 356 632 monuiffe,
368 597 446 622 non
460 586 602 636 requiri
618 585 764 636 semper
776 584 908 624 similia
923 597 1096 636 tempora
1109 585 1192 638 post
1207 599 1298 626 con·

0 678 2 686 ³
31 638 293 685 iunfflonem3
312 649 440 676 tamen
466 637 653 676 orationis
677 637 785 677 filum
811 639 869 678 hic
893 639 1021 677 similia
1037 651 1212 691 tempora
1227 652 1299 693 po-

29 690 163 737 stulat,
178 702 222 730 ut
237 691 377 743 patebit
389 690 539 743 legenti.
563 691 617 729 At
630 692 720 742 quia
735 692 825 730 nihil
840 691 987 731 subsidii
1004 693 1040 730 in
1061 693 1163 731 libris
1174 723 1186 740 ‚
1209 693 1300 732 nihil

31 745 193 783 mutavi.
211 743 395 783 parisinae
417 745 603 796 interpres
627 745 740 782 educet
753 746 866 784 etiam
884 747 1057 794 dederat,
1071 745 1138 785 etsi
1162 746 1299 800 ἐξάγει

28 809 189 851 quoque
203 797 240 835 in
255 798 415 838 Graecis
431 797 572 848 legerit.
594 797 670 836 Rl-:t
681 808 738 836 iz,

80 854 156 892 ead.
168 851 192 889 l.
207 849 483 903 4.”Αδ“ροιστος)
498 852 758 890 Arcliivorum
776 864 843 891 rex
857 882 868 900 ,
886 864 987 891 unus
1004 865 1052 891 ex
1073 850 1212 905 septem
1229 853 1299 892 du-

31 905 162 950 cibus,
179 904 245 956 qui
270 903 431 957 profecii
449 903 534 943 sunt
554 905 732 954 Thebas,
751 917 796 945 ut
819 905 1059 945 restituerent
1080 907 1120 944 in
1136 919 1299 958 regnum

33 956 270 1008 Polynicem.
291 957 436 997 COGN.

86 1015 160 1050 ead.
175 1012 201 1050 l.
215 1023 252 1060 7.
266 1010 409 1057 Aaron)
427 1011 554 1064 Eut-ip.
575 1010 760 1052 Phoeniff.
777 1011 837 1050 18.
852 1009 1070 1052 Oraculum
1097 1011 1215 1066 ipsum
1232 1026 1301 1053 ex-

30 1064 138 1103 hibet
154 1063 378 1104 Scholiastes
391 1064 588 1117 Aristoph.
613 1065 721 1117 (267
742 1064 794 1106 G.
811 1065 882 1119 F.)
909 1067 1023 1119 quale
1047 1067 1095 1107 ab
1117 1068 1300 1121 Apolline

31 1119 229 1158 redditum.
242 1118 400 1157 SOLAN.

82 1174 158 1211 ead.
174 1172 196 1209 l.
216 1185 254 1224 9.
267 1176 325 1210 Μὴ
341 1170 491 1232 σπεῖρε)
508 1171 636 1224 Eurip.
650 1169 794 1211 Phoen.
815 1171 873 1211 18.
887 1171 1047 1213 SOLAN.

86 1227 161 1264 ead.
177 1225 202 1264 l.
219 1238 277 1273 14.
293 1225 537 1272 Ἀποιιτειτε)
551 1224 628 1264 Etsi
643 1225 798 1277 vulgata
811 1238 891 1264 non
913 1227 1050 1266 vitiosa
1061 1257 1074 1276 ‚
1093 1227 1302 1281 elegantius

14 1276 161 1318 --v-isum
174 1291 216 1319 ac
228 1278 436 1330 potentius,
448 1278 557 1330 quod
571 1279 626 1317 Fl.
642 1279 814 1323 habebat,
830 1279 1052 1328 ἀπαιτοῖτε,
1066 1282 1091 1319 i.
1112 1294 1146 1321 e.
1164 1298 1231 1321 non
1245 1285 1302 1321 νὶ-

32 1333 114 1381 deo,
133 1347 197 1385 quo
219 1333 286 1370 iure
306 1334 477 1371 mercedem
493 1345 630 1385 repetere
647 1333 788 1384 poffitis.
810 1331 930 1384 Quae
944 1346 1038 1373 vera
1061 1334 1121 1374 vis
1140 1336 1305 1388 optativi

33 1384 100 1424 est.
117 1386 265 1425 RmTz.
287 1385 358 1424 Sed
381 1397 464 1425 tum
494 1385 731 1425 scribendum
756 1385 857 1425 foret
876 1386 921 1425 ἂν
934 1387 1162 1433 ἀπαιτοῖτε,
1181 1390 1301 1441 probe

33 1450 218 1479 monente
234 1440 281 1479 cl.
294 1439 336 1478 B.
351 1439 397 1477 de
411 1438 506 1478 Ball.
522 1438 662 1491 Quare
678 1439 768 1478 nihil
783 1451 987 1480 mutamus.
997 1442 1203 1495 Vulgatam
1217 1444 1303 1483 reti-

35 1503 102 1532 net
124 1493 240 1532 etiam
261 1492 331 1532 Ms.
352 1492 446 1545 Reg.
461 1506 533 1556 301
547 1506 576 1532 1.

89 1547 180 1600 Pag.
195 1546 320 1599 215.l.
344 1550 452 1586 1.Tbr
472 1544 600 1599 Ἀλυν)
621 1546 749 1597 Halys
764 1545 1043 1600 Paphlagoniae
1062 1548 1206 1589 fluvius
1226 1562 1304 1589 ma·

34 1597 184 1646 ximus,
203 1612 253 1640 ex
277 1600 401 1639 Tauri
421 1601 563 1639 montis
584 1601 769 1639 radicibus
793 1600 988 1653 profluens
1010 1615 1076 1655 per
1098 1602 1304 1655 Cappado-

33 1654 132 1693 ciam
147 1684 159 1702 ‚
175 1654 220 1693 &
242 1667 264 1693 a
284 1653 439 1693 meridie
462 1653 586 1704 Syros
608 1653 650 1692 δι
671 1653 930 1706 Paphlagonas
950 1656 1181 1696 interfluens.
1206 1658 1299 1697 Luc.

33 1706 78 1747 L.
91 1706 169 1755 111,
181 1706 302 1747 Ovid.
319 1707 375 1746 IV
391 1710 436 1746 de
453 1706 562 1746 Pont.
578 1706 722 1746 COGN.
735 1710 920 1747 ΤὸνἋλυν
935 1727 980 1739 ε-
992 1709 1119 1761 ἐιρχὺν
1135 1710 1303 1760 mua&-

35 1760 112 1814 σει)
127 1761 218 1800 Vid.
231 1760 422 1800 Herodot.
437 1760 472 1809 1,
487 1775 523 1814 p.
542 1775 553 1798 i
564 1775 597 1813 3.
608 1761 757 1801 Notum
768 1760 822 1801 est
833 1763 1139 1806 oraculum.Vid.
1152 1765 1301 1805 Ἐπισκ.

32 1826 118 1867 cap.
135 1828 150 1853 1
163 1828 195 1854 1.
213 1813 370 1854 SOLAN.

90 1871 164 1907 ead.
186 1869 210 1906 l.
233 1882 268 1908 2.
281 1864 427 1921 Αὑτοῦ)
448 1867 506 1907 Ita
528 1868 638 1907 edere
658 1867 748 1907 nihil
770 1867 850 1908 sum
867 1870 1033 1919 veritus,
1049 1883 1135 1911 cum
1156 1870 1196 1910 in
1218 1870 1302 1913 edd.

0 1944 1 1988 1
38 1915 156 1961 αὐτοῦ
167 1920 398 1973 laevigatum
412 1922 637 1961 invenirem.
654 1918 797 1961 Rmz.

95 1977 169 2014 ead.
182 1976 205 2014 I.
225 1973 405 2027 5.²Apvera
416 1975 523 2028 κρέα)
536 1976 652 2028 Apud
672 1977 781 2014 eund.
799 1976 942 2016 Herod.
966 1990 1002 2029 p.
1018 1990 1034 2016 1
1046 1990 1078 2016 1.
1092 1975 1165 2016 Pro
1182 1979 1305 2031 χελώ·

37 2041 98 2070 νης
116 2041 246 2069 autem
260 2029 298 2068 in
317 2027 368 2068 O.
381 2029 433 2068 est
450 2028 636 2080 χελώνην,
653 2029 689 2068 in
703 2028 803 2068 Coll.
817 2043 911 2069 vero
927 2033 1124 2083 χελώνεια.
1138 2031 1299 2071 SOLAN.

91 2087 166 2121 ead.
181 2084 206 2121 l.
222 2084 258 2121 6.
271 2082 453 2135 Χελώνης)
468 2083 510 2121 ln
526 2083 583 2121 ed.
598 2084 697 2135 Hag.
712 2084 771 2121 vir
785 2084 918 2122 donus
937 2090 1108 2134 χελώνην
1128 2085 1305 2124 emenda-

37 2147 120 2185 rat,
138 2136 244 2189 quod
259 2137 343 2174 Par.
360 2136 472 2175 etiam
487 2136 611 2175 habet.
633 2135 705 2176 Sed
726 2149 958 2189 quamquam
978 2138 1165 2177 Herodot.
1186 2139 1304 2177 etiam

39 2190 210 2243 χελώνην
224 2189 310 2230 dicit
321 2217 332 2236 ‚
347 2200 473 2228 tamen
486 2190 523 2228 in
537 2190 618 2229 eius
630 2191 758 2229 verbis
768 2220 778 2232 ,
794 2203 890 2243 quas
905 2191 1007 2243 legas
1019 2204 1104 2243 pag.
1117 2205 1166 2230 20
1177 2190 1230 2230 D.
1243 2193 1303 2232 ed.

44 2243 175 2297 Steph.
194 2253 345 2296 praeter
368 2240 558 2282 historiam
579 2243 671 2282 nihil
693 2243 745 2283 est
761 2245 954 2296 praesidii3
972 2257 1058 2284 nam
1075 2245 1136 2283 hic
1154 2256 1306 2284 utrum-

41 2309 119 2349 que
139 2296 368 2336 substantive
382 2297 532 2344 extulit,
553 2296 735 2336 scribens:
754 2298 927 2351 χελώνην
945 2299 1007 2336 καὶ
1029 2297 1121 2348 ἄρνα
1134 2297 1306 2336 κατακό-

43 2349 128 2400 -ψοις
148 2349 237 2401 ὁμοῦ
258 2348 350 2400 ἕψεε
364 2348 479 2390 αὐτὸς
499 2350 536 2390 ἐν
561 2351 688 2394 λέβητι
712 2356 887 2404 χαλκέῳ.
910 2351 965 2390 At
980 2364 1068 2390 cum
1085 2353 1122 2389 in
1144 2353 1304 2403 vulgata

41 2401 199 2443 Luciani
221 2405 316 2443 nihil
333 2402 378 2443 sit
400 2403 652 2450 difficultatis,
671 2417 759 2444 cum
787 2404 895 2445 facile
916 2410 1002 2456 κρέα
1026 2416 1112 2443 ante
1133 2410 1304 2457 χελώνης

42 2457 174 2497 denuo
195 2458 400 2511 intelligas,
416 2470 500 2497 eam
525 2458 676 2498 servavi
692 2458 881 2498 intaetam.
906 2456 1055 2497 Deinde
1076 2469 1202 2496 tamen
1219 2457 1306 2499 lov.

46 2509 162 2552 eous.
176 2512 413 2566 ε.3ο,ἐίρνειοι
427 2512 516 2565 κρέα,
527 2511 591 2553 καὶ
606 2511 756 2568 χελώνη
767 2510 905 2563 ἕψεται
922 2511 1107 2554 habemus
1117 2526 1130 2559 3
1141 2511 1307 2552 ubicum
