1764 3419
0 2408 2 2428 l

0 2429 1 2440 l

272 230 357 279 ΙΝ·
383 228 631 278 LUCIUM
666 230 810 285 stvE
844 228 1128 280 Amnum,
1229 253 1326 302 497

57 331 132 372 501
145 322 176 360 i.
189 319 331 361 re'fflus
341 349 353 368 ,
371 333 487 375 quam
506 320 611 373 quod
631 320 752 360 adhuc
764 319 961 367 edebatur,
974 321 1067 360 ὅπου
1082 320 1245 377 ἀπάγοι.
1266 327 1322 366 Fl.

9 399 14 415 x
60 387 221 427 quoque
239 375 337 413 ὅποι.

113 430 187 466 ead.
207 428 230 466 l.
249 441 307 466 11.
322 426 628 466 'Amsvvauvov
643 426 660 478 )
675 426 928 466 Grammatici
950 426 1102 479 quidam
1126 429 1240 469 nimis
1259 444 1326 483 ge-

62 482 242 520 neraliter
254 481 490 534 praecipiunt
502 510 512 527 ‚
531 481 816 533 comparativos
828 482 868 520 &
884 480 1136 532 superlativos
1150 483 1267 532 ότερος
1284 485 1325 525 &

8 573 15 577 ,
60 534 212 581 ὅτοιτος,
229 534 309 573 five
324 535 452 587 ώτερος
471 534 511 572 &
526 535 672 572 ὡτοιτος
690 533 834 581 facere,
853 535 1009 586 quando
1026 536 1232 586 penultima
1252 552 1326 590 po-

59 587 160 626 sitivi
175 587 289 627 habet
311 588 485 627 vocalem
502 599 769 626 communem:
792 589 920 640 itaque
936 588 996 627 hic
1012 602 1031 625 υ
1054 591 1325 641 praecedente.

61 639 280 680 indifferens
294 639 407 689 foret,
422 653 537 694 quam
554 640 774 692 scripturam
788 640 955 692 sequare.
973 641 1042 680 Sed
1060 655 1138 682 non
1153 645 1202 682 ita
1217 646 1326 685 intel-

61 693 231 746 ligendus
244 694 306 733 ille
320 705 459 742 canon,
472 695 604 745 quavis
620 694 743 732 vocali
760 707 824 754 per
840 693 875 732 se
888 696 1085 735 communi
1100 699 1326 749 praeceden-

23 784 25 786 .
61 758 122 795 te,
137 748 393 799 comparativ.
408 748 449 786 &
468 746 601 800 superl.
615 759 774 800 quoque
787 747 1048 787 mdifferenter
1066 748 1195 799 scribi;
1221 750 1280 791 sed
1296 752 1324 792 si

62 801 105 840 re
122 814 213 840 vera
227 798 342 840 faciat
354 800 540 852 syllabam
555 813 816 840 communem.
831 801 886 840 At
898 803 1052 853 quando
1068 818 1078 840 1
1094 805 1155 843 vel
1170 819 1188 841 υ
1202 806 1240 844 in
1254 820 1326 859 po-

61 854 174 893 fitivo
187 856 354 907 quodam
367 867 501 894 revera
513 854 565 893 est
579 855 738 906 longum
750 885 762 903 ‚
777 855 914 894 ὅτοιτος
931 857 1048 895 breve
1062 856 1299 899 scribendum
1312 890 1326 907 ,

63 908 106 948 &
126 919 274 948 contra.
291 908 425 961 Itaque
439 906 733 947 ἀκινδυνότατον
755 908 813 947 hic
827 909 970 948 renum
982 939 991 956 ‚
1007 909 1095 962 quia
1110 925 1129 948 υ
1144 913 1182 950 in
1199 913 1326 953 ›ei-uxu-

24 967 28 970 '
62 962 316 1014 voflongum3
334 963 413 1001 vid.
433 962 550 1000 Hom.
568 962 742 1000 Batrach.
757 975 792 1000 v.
817 976 831 1000 1
845 976 873 1000 1.
889 962 1029 1001 REITz.

114 1017 187 1054 ead.
199 1016 221 1053 l.
241 1029 298 1067 13.
311 1016 365 1055 Ἐν
377 1015 465 1054 ταῖς
477 1012 675 1068 πληγαῖς)
689 1014 815 1054 Solan.
833 1016 870 1053 in
887 1029 1004 1068 marg.
1022 1017 1112 1057 Iunt.
1128 1018 1327 1074 adscripse-

62 1080 143 1117 rat,
159 1068 436 1108 conferendum
451 1077 532 1121 cap.
555 1081 599 1106 12
618 1069 655 1107 in
672 1067 823 1120 Quom.
845 1069 939 1107 Hist.
962 1071 1079 1109 Atibi
1095 1073 1247 1124 quidem
1265 1076 1326 1114 le-

61 1122 164 1162 &um
183 1122 220 1162 ἐν
232 1122 393 1170 ἀκοντίῳ
407 1123 622 1173 φονεύοντα.
635 1122 785 1164 Verum
800 1123 888 1174 quia
901 1123 1040 1162 ibidem
1056 1123 1103 1163 {vl
1125 1139 1195 1177 pro
1214 1127 1249 1166 ἐν
1271 1128 1325 1168 est

61 1176 99 1214 in
116 1190 136 1215 2
150 1175 271 1217 Codd,
287 1176 400 1228 idque
415 1176 669 1229 probabilius,
684 1174 750 1214 iste
766 1177 877 1215 locus
895 1177 983 1215 nihil
1005 1179 1048 1216 ad
1068 1191 1146 1218 rem
1164 1178 1262 1220 facit.
1277 1183 1326 1222 Et

62 1240 297 1283 quamquam
313 1231 360 1269 ad
380 1228 570 1269 Herodot.
583 1241 616 1268 c.
635 1243 666 1280 5,
684 1230 723 1268 δε
745 1228 848 1269 Dial.
871 1230 1156 1279 Mort.XX[11,
1175 1234 1324 1275 abunde

60 1282 106 1322 fit
121 1282 420 1323 demonstratum
430 1314 440 1332 ‚
459 1282 495 1322 ἐν
511 1282 618 1334 saepe
631 1283 824 1322 abundare
836 1313 848 1331 ,
861 1295 907 1322 ac
920 1297 991 1334 pro
1006 1284 1177 1325 ablativo
1190 1288 1325 1329 causae

62 1337 128 1376 vel
147 1336 383 1376 instrumenti
402 1337 554 1384 valere3
571 1347 698 1375 tamen
717 1349 765 1375 ne
786 1335 851 1375 ista
866 1337 1017 1388 quidem
1030 1337 1247 1380 defensione
1265 1342 1325 1382 hic

62 1389 171 1431 locus
182 1391 345 1444 indiget,
363 1392 468 1445 quod
481 1390 518 1429 ἐν
534 1403 580 1429 ne
593 1390 744 1442 quidem
758 1391 961 1430 commode
976 1391 1035 1431 hic
1055 1392 1219 1440 abeffet,
1234 1408 1324 1434 cum

63 1444 101 1483 in
123 1444 208 1496 ipfis
228 1444 369 1498 plagis,
395 1446 417 1484 i.
442 1457 476 1484 e.
493 1445 591 1483 inter
610 1443 936 1496 plagas·m0rtuus
957 1445 1115 1485 dicatur.
1132 1447 1269 1487 Veluti
1289 1450 1325 1490 ἐν

61 1497 183 1547 τούτῳ
197 1498 412 1551 significare
426 1499 569 1537 interea
580 1515 597 1546 ‚·
608 1497 691 1550 plus
705 1510 821 1549 quam
833 1508 989 1538 notum:
1003 1501 1070 1551 qui
1084 1500 1252 1548 dubitat,
1269 1504 1327 1540 vi.

63 1552 149 1591 deat
161 1551 286 1591 fratris
296 1552 432 1605 optimi
442 1552 546 1604 Belg.
559 1550 738 1592 Graeciss'.
753 1564 837 1604 pag.
852 1552 930 1603 469
942 1583 954 1598 ‚
968 1552 1008 1591 &
1024 1553 1146 1606 Long.
1163 1554 1254 1594 past.
1267 1555 1326 1604 II,

65 1620 101 1658 p.
114 1617 179 1671 59.
195 1605 243 1645 Et
256 1605 418 1646 eiusdem
434 1606 475 1645 L.
491 1619 511 1643 2
525 1618 580 1658 pr.
594 1603 673 1644 πᾶς
687 1603 720 1644 ἓν
735 1603 840 1665 ἔργῳ.
854 1605 982 1645 Nostr.
997 1605 1094 1645 infra
1106 1620 1190 1661 cap.
1206 1622 1257 1658 47
1271 1624 1321 1649 m.

14 1686 16 1688 -
64 1660 102 1699 ἐν
115 1670 273 1712 ‘yeme-n.
287 1660 327 1699 Si
340 1671 467 1699 tamen
483 1658 522 1698 &
543 1659 602 1698 hic
622 1658 790 1698 ablativo
804 1658 1044 1698 mstrumenti
1059 1674 1160 1713 opus
1172 1661 1246 1701 effe
1261 1677 1326 1703 ve-

64 1712 108 1752 lis
119 1743 131 1759 ,
147 1713 242 1763 habe
262 1714 330 1753 tibi
350 1714 507 1753 eandem
522 1712 758 1752 locutionem
772 1725 820 1752 ex
834 1712 1048 1766 Antiphon.
1070 1714 1182 1767 supra
1197 1717 1326 1768 prola·

65 1777 142 1806 tam
155 1767 206 1807 T.
223 1767 284 1814 ΙΙ,
302 1781 337 1819 p.
355 1781 443 1821 523,
463 1766 510 1805 σὺ
525 1765 571 1805 δέ
584 1781 632 1816 με
646 1766 681 1805 ἐν
702 1765 958 1820 ἂφοινεῒλόγῳ
973 1766 1094 1819 ζητεῖς
1108 1770 1299 1810 ἀπολέσαι
1312 1801 1324 1820 ,

66 1821 108 1861 δι
121 1821 297 1861 hocloco
307 1823 352 1860 τὸ
365 1822 399 1859 ἐν
415 1833 465 1859 ne
477 1819 643 1860 sollicita.
655 1819 803 1859 Rmz.

117 1878 188 1914 ead,
203 1876 226 1914 l.
243 1888 300 1924 17.
314 1873 534 1926 Ἐπέὸωκε)
557 1874 711 1913 Mallem
726 1874 920 1914 ἀπέὲωκε.
936 1875 1036 1915 Vide
1054 1885 1181 1916 tamen
1204 1890 1237 1917 c.
1258 1889 1326 1933 45,

66 1928 135 1969 ubi
148 1928 279 1968 eadem
291 1940 371 1967 vox
383 1928 423 1967 in
438 1928 600 1980 vulgatis
617 1928 799 1967 occurrit.
817 1928 974 1967 SOLAN.

119 1983 211 2034 Pag,
229 1982 312 2030 184.
326 1982 347 2020 I.
364 1997 401 2031 4.
418 1983 569 2031 Οἴκημα,
586 1979 774 2034 ὑπερῷον)
795 1982 840 2020 In
856 1981 944 2030 Aet.
966 1981 1100 2035 Apost.
1123 1982 1162 2031 1,
1180 1997 1241 2037 13,
1258 1984 1326 2023 ha-

68 2036 202 2086 bemus
212 2044 229 2082 ‚-‘
241 2036 420 2081 ἀνέβησαν
435 2036 487 2074 εἰς
503 2038 548 2075 τὸ
565 2033 732 2087 ὑπερῷον.
743 2035 800 2074 Ibi
820 2036 862 2075 L.
879 2036 957 2075 Bos
969 2036 1218 2082 demonstrat,
1233 2035 1327 2077 ὑπε-

65 2089 148 2143 ρῷον
168 2089 242 2129 effe
257 2089 509 2137 adiestivum3
529 2101 608 2128 non
633 2100 761 2128 tamen
785 2089 1040 2141 compositum
1055 2121 1066 2138 ,
1087 2102 1130 2129 ut
1155 2090 1331 2130 Scholia-

66 2143 144 2183 stae
162 2143 203 2183 ssc
220 2142 384 2183 Eustath.
401 2143 583 2191 voluere3
599 2142 658 2182 sed
670 2143 717 2181 ab
729 2139 1007 2196 tien-spbfficperus
1021 2154 1169 2182 tantum
1185 2144 1333 2183 forma-'

66 2208 148 2237 tum
161 2222 173 2244 5
192 2209 235 2237 ut
249 2195 435 2247 ἡτοιτρῷος,
451 2195 630 2248 μητρῷος,
652 2197 692 2236 &
713 2195 862 2236 fimilia:
879 2210 994 2250 atque
1013 2198 1050 2235 in
1072 2210 1189 2237 omne
1209 2211 1329 2250 genus·

65 2252 313 2291 terminatum
334 2249 647 2302 substantivisque
666 2250 885 2290 adiunaum
903 2251 1089 2297 inveniri,
1112 2264 1211 2303 quae
1228 2251 1328 2304 apud

66 2305 181 2345 eund.
197 2305 326 2344 videre
338 2304 476 2343 licebit.
491 2303 637 2342 Rmz.

72 2403 79 2407 ⁵
121 2361 195 2398 ead.
210 2360 233 2397 l.
251 2359 286 2398 6.
299 2358 412 2411 Τότε)
428 2358 529 2410 Lege
541 2359 652 2396 πότε.
667 2357 824 2397 δοῖ-ΑΝ.

125 2413 215 2464 Pag.
231 2411 316 2464 185.
335 2413 359 2451 l.
372 2412 408 2450 8.
425 2410 667 2458 ’Evre'scanoeffl
684 2409 912 2464 Hoepz'sconoev
936 2422 1158 2451 correxerat
1176 2411 1217 2449 in
1234 2411 1329 2451 Iunt:

68 2465 253 2512 Solanus,
271 2466 363 2518 quia
387 2466 427 2504 in
446 2465 485 2504 P.
508 2465 559 2504 fic
582 2475 685 2511 erat,
703 2465 769 2503 ets1
786 2478 920 2504 omnes
944 2466 1025 2504 edd.
1048 2464 1244 2503 ἐπέδωκαν
1263 2467 1330 2503 ha-

69 2512 174 2560 benti
186 2520 223 2559 Si
235 2519 326 2558 illud
338 2518 514 2570 mpis-
526 2520 564 2558 in
575 2519 746 2573 pluribus
755 2517 878 2559 Codd.
892 2520 1137 2571 reperiretur,
1146 2518 1281 2560 lubens
1290 2519 1330 2559 in

179 2575 322 2614 Lucina.
348 2573 427 2613 Vol.
448 2572 512 2613 Vl.
1043 2571 1087 2613 li
