1764 3419
449 203 543 267 458
649 201 1514 269 ANNoTATroNEs

503 292 577 329 ead.
590 290 613 329 I.
634 302 692 341 15.
710 291 885 342 Μαζαίας
899 289 965 329 τῆς
984 290 1200 339 Λευκάνορος
1224 285 1291 330 τοῦ
1311 289 1402 334 Eas.
1419 290 1455 329 ἐν
1471 290 1605 343 Rem.)
1628 289 1713 330 No·⁴

451 344 556 384 mina
569 343 799 395 Scytharum
821 342 970 382 curiose
983 343 1182 394 anquirere
1203 342 1303 382 haud
1327 355 1468 394 operae
1482 344 1644 396 pretium
1657 344 1712 383 es-

449 396 490 436 se
501 397 590 436 duxi
603 410 613 443 3
634 396 695 437 sed
713 398 804 437 haec
822 397 849 436 si
861 396 946 435 ficta
962 408 1040 435 non
1053 396 1123 434 sint
1127 424 1145 455 2
1159 395 1294 435 alicubi
1310 396 1408 448 apud
1421 397 1632 436 Historicos
1644 409 1726 436 oc·—

451 463 607 490 currere
621 450 836 490 verosimile
855 449 920 489 est.
936 471 980 479 -
1004 447 1113 488 Cave
1134 461 1282 496 autem,
1302 450 1389 501 quia
1412 450 1712 494 βασιλεύσαντος

456 503 557 551 dicit,
568 503 648 543 fato
665 503 835 543 functum
850 503 998 542 credas:
1015 515 1106 541 mox
1118 502 1216 541 enim
1234 502 1370 542 vivum
1384 502 1535 543 inducit.
1554 502 1713 542 SOLAN.

512 558 602 607 Pag.
626 569 709 606 107.
724 559 748 597 l.
763 573 799 606 4.
814 556 1082 609 Ἐχριιμάτιζεν
1108 551 1239 607 αὐτῷ)
1255 554 1379 606 Quod
1394 557 1573 602 vertitur,
1587 556 1716 608 respon-

456 613 548 650 derat
565 611 614 648 illi
630 624 702 656 rex,
719 623 741 650 e
753 612 894 663 negotii
909 609 1022 662 ipsius
1039 610 1184 648 ratione
1197 608 1361 648 sumtum
1375 607 1446 647 est:
1462 621 1547 648 nam
1564 609 1610 648 ad
1622 621 1714 661 pro-

456 663 655 716 prietatem
671 664 777 703 verbi
792 663 878 702 satis
889 662 1026 708 fuerat,
1044 662 1115 700 iam
1129 677 1260 714 operam
1273 663 1323 700 illi
1337 677 1396 700 rex
1407 664 1551 709 dederat,
1567 673 1609 701 ut
1619 662 1714 701 ’lm-

454 731 532 767 ρομ.
547 729 579 756 c.
595 717 642 755 26
656 717 701 756 de
714 717 895 768 Iove‚qui
908 717 1009 755 audit
1022 716 1155 761 modo,
1167 728 1243 755 non
1255 714 1468 768 respondet,
1483 715 1566 756 ἐπεὶ
1577 714 1622 755 ἑὲ
1635 715 1719 755 im-

461 768 528 809 νῶς
548 769 787 822 ἐχρημάτισε
800 770 885 810 ταῖς
897 766 1050 823 εὐχαῖς.
1067 769 1196 809 (ὶῑεΝ.

515 825 607 876 Pag.
628 823 713 862 108.
728 825 750 863 l.
768 839 800 866 1.
815 820 882 864 ⁰05
893 839 953 863 τις
969 825 985 861 ii
999 823 1129 876 γένους
1144 845 1187 852 -
1205 821 1310 876 ἔχοι)
1332 822 1548 874 Legendum
1564 821 1717 862 videtur

461 871 508 915 ὥς
521 891 599 924 τις,
613 889 662 916 eo
676 876 784 917 sensu
797 909 808 927 ‚
831 890 944 929 quem
963 876 1274 928 interpretatione
1288 875 1543 928 expreffimus.
1565 874 1718 916 Pofl'um

458 930 696 983 interrogare
711 931 862 972 Graece
873 961 884 979 ‚
905 931 1010 982 quod
1026 930 1111 969 satis
1124 930 1269 970 constat
1282 958 1293 975 ,
1315 929 1396 968 πῶς
1418 928 1521 983 ἔχεις
1533 927 1695 969 ,πλούτου
1706 958 1720 977 ,

461 984 604 1037 γένους,
616 983 813 1035 δυνάμεως
827 999 838 1032 ;
852 1000 949 1038 quam
961 985 1051 1023 dives
1067 1000 1101 1022 es
1111 986 1130 1022 ?
1146 985 1219 1023 ὄις.
1235 982 1293 1022 sed
1308 982 1507 1034 possumne
1520 983 1646 1028 etiam,
1659 983 1720 1023 τίς

460 1037 573 1088 ἔχεις
589 1038 775 1086 πλοῦτον,
793 1038 918 1079 (ΞεεΝ.
944 1037 1139 1077 Alleverat
1152 1036 1279 1077 Solan.
1293 1035 1561 1076 conferendam
1577 1048 1662 1088 pag.
1684 1050 1722 1086 1,

461 1091 511 1131 Τ.
527 1091 552 1129 1.
568 1090 626 1130 Ibi
638 1091 784 1141 φύσεως
796 1092 897 1145 ἔχων
910 1090 1043 1142 ἒςξιῶς
1055 1092 1180 1143 legas;
1195 1091 1300 1142 quod
1311 1102 1435 1129 tamen
1452 1103 1530 1129 non
1541 1089 1625 1129 satis
1633 1101 1722 1130 con-

461 1146 569 1184 venit
584 1158 670 1185 cum
687 1145 831 1198 vulgat.
847 1146 954 1186 ὅστις
968 1143 1072 1197 ἐ’χοι,
1083 1144 1148 1183 nisi
1163 1145 1269 1196 quod
1280 1143 1361 1197 ἐ’χω
1376 1143 1540 1183 similiter
1558 1156 1646 1184 cum
1658 1155 1721 1195 ge-

461 1199 589 1238 nitivo
601 1197 847 1239 construitur.
862 1198 1024 1251 Propius
1041 1198 1184 1238 accedit
1200 1198 1272 1237 hoc
1287 1198 1496 1237 Herodiani
1506 1196 1538 1242 1,
1550 1197 1721 1248 7‚7,‘ye'-

465 1266 546 1293 νους
559 1251 635 1302 μὲν
653 1246 715 1292 οὖν
731 1252 746 1292 ὁ
764 1253 959 1303 Rhypes&
975 1248 1092 1292 οὕτως
1113 1247 1211 1304 εἶχε.
1235 1252 1317 1291 Nec
1343 1262 1471 1290 tamen
1495 1251 1606 1304 plane
1626 1249 1725 1290 idem

464 1305 540 1346 est:
558 1319 645 1345 nam
662 1320 750 1346 cum
765 1303 893 1354 οὕτως,
909 1305 1003 1352 πῶς,
1023 1319 1067 1346 ac
1084 1305 1264 1346 similibus
1279 1305 1468 1345 adverbiis
1482 1304 1534 1344 est
1551 1303 1640 1343 satis
1653 1305 1725 1343 ob-

465 1361 590 1406 vium,
605 1371 649 1399 ut
668 1361 755 1399 ibid.
773 1360 844 1409 lv,
860 1375 883 1414 9
895 1391 905 1407 ‚
918 1374 941 1413 9
954 1389 967 1406 ,
979 1358 1059 1399 πῶς
1081 1358 1166 1412 ἔχοι
1182 1358 1350 1407 ἡλικίαις
1368 1372 1454 1398 cum
1471 1372 1532 1398 ‘tie
1549 1369 1660 1404 vero,
1676 1368 1723 1398 ut

467 1414 528 1452 τίς
545 1413 629 1466 ἔχοι
643 1444 654 1462 ,
669 1427 742 1465 pro
763 1414 816 1453 εἰἠ
828 1444 840 1462 ,
855 1427 933 1453 non
949 1413 1099 1453 aliunde
1112 1414 1307 1452 succurrit.
1337 1411 1476 1465 Quare
1487 1424 1535 1452 ex
1547 1411 1586 1451 P.
1599 1408 1644 1452 ὦς
1668 1425 1726 1452 re·

466 1468 575 1519 cepi,
596 1477 639 1506 ut
654 1467 774 1519 probe
789 1466 981 1508 Gesnerus
998 1468 1196 1506 divinarat.
1222 1466 1370 1506 Rtrrz.

521 1522 594 1560 ead.
607 1521 630 1558 l.
644 1534 678 1573 3.
692 1521 760 1560 Καὶ
776 1521 980 1574 πλούτους)
995 1521 1056 1561 De
1069 1521 1142 1560 hoc
1161 1520 1296 1573 plurali
1309 1520 1384 1560 vid.
1395 1520 1441 1560 ad
1455 1519 1634 1562 Hermot.
1645 1533 1724 1572 c.9.

468 1574 578 1614 Adde
589 1573 703 1613 Diod.
714 1574 787 1614 Sic.
798 1575 830 1621 I,
839 1588 871 1615 c.
881 1589 904 1621 7
914 1588 928 1613 ι
943 1574 968 1615 f.
981 1575 1042 1614 καὶ
1049 1573 1449 1629 μεγίστουςπλούτους
1459 1573 1567 1625 ἕχον.
1576 1575 1724 1614 REITZ.

523 1629 598 1667 ead.
609 1630 634 1666 l.
655 1641 670 1666 1
682 1628 789 1668 uxori
802 1627 945 1668 Σκυθῶν
956 1628 1029 1669 τῶν
1039 1629 1147 1682 πολ.)
1158 1626 1218 1667 Sic
1232 1627 1271 1671 su
1302 1641 1344 1667 ra
1354 1627 1464 1668 Σκυθ.
1478 1640 1512 1667 c.
1526 1641 1540 1666 1
1549 1656 1558 1667 .
1570 1628 1728 1669 SOLAN.

524 1681 616 1733 Pag.
634 1695 647 1720 1
661 1684 754 1722 10.l.
777 1696 807 1721 1.
830 1681 971 1735 Ὓμῶν)
989 1682 1095 1721 Alibi
1113 1683 1253 1723 Ex.Fl.
1280 1694 1344 1721 ive
1359 1680 1549 1735 Excerpta
1569 1682 1727 1724 Floren—

470 1735 553 1774 tina
566 1735 698 1776 Solani
709 1736 921 1776 concinunt
932 1749 1020 1776 cum
1033 1737 1091 1776 ed.
1107 1736 1208 1775 Flor.
1234 1735 1281 1776 Et
1293 1734 1401 1788 saepe
1413 1735 1461 1774 ab
1480 1733 1561 1788 ipso
1579 1749 1652 1790 pro
1663 1748 1731 1776 eo-

473 1790 559 1828 dem
577 1800 788 1842 ponuntur.
808 1790 884 1830 Hic
898 1789 1119 1842 discrepant.
1141 1789 1307 1830 Causam
1325 1790 1559 1842 inquiremus
1575 1791 1611 1830 in
1625 1802 1730 1842 prae·

473 1843 635 1883 satione:
650 1838 749 1893 ὑμῶν
760 1855 889 1885 autem
902 1844 961 1884 hic
976 1844 1111 1884 melius
1126 1843 1162 1884 se
1176 1843 1313 1884 habere
1323 1872 1334 1891 ,
1347 1855 1471 1883 nexus
1483 1841 1558 1896 ipse
1569 1842 1656 1884 satis
1674 1844 1731 1883 in·

473 1898 584 1937 dicat.
610 1896 758 1937 Rn‘rz.

527 1954 601 1991 ead.
613 1952 637 1991 l.
657 1964 671 1989 ι
683 1965 714 1991 1.
726 1948 893 1998 Aeiicsw,
905 1950 1024 2004 ἡμᾶς)
1034 1951 1094 1992 Sic
1108 1951 1353 2004 interpunge:
1376 1949 1474 2001 ἡμᾶς
1484 1950 1583 1990 enim
1598 1950 1732 1991 melius

475 2018 563 2045 cum
577 2004 776 2057 περιμένων
786 2007 1059 2057 coniungetur,
1071 2019 1186 2058 quam
1201 2018 1290 2044 cum
1309 2001 1464 2046 sanaem.
1487 2005 1645 2045 SOLAN.

531 2062 604 2098 ead.
618 2060 640 2097 l.
658 2059 714 2098 16.
731 2058 812 2098 Ἐπὶ
827 2058 894 2099 τῆς
908 2060 1041 2111 βύρσης
1055 2059 1120 2099 τοῦ
1137 2059 1237 2112 βοὶς)
1252 2059 1278 2098 Ι.
1293 2057 1450 2110 supplex
1469 2059 1648 2110 implorat
1666 2071 1732 2098 au-

475 2111 577 2151 xilia.
602 2113 745 2151 Natum
765 2112 941 2165 adagium
956 2126 977 2151 a
991 2112 1267 2153 consuetudine
1287 2111 1434 2151 sedendi
1451 2113 1487 2152 in
1502 2125 1654 2165 tergore
1666 2113 1737 2151 bu-

477 2165 596 2205 bulo:
623 2164 792 2217 Scythae
807 2168 907 2206 enim
919 2166 1072 2207 diffeclo
1093 2168 1132 2206 in
1152 2167 1323 2205 minimas
1335 2178 1460 2218 partes
1479 2166 1582 2206 bove
1600 2165 1736 2206 foedus
1762 2202 1764 2207 .

477 2219 866 2312 iundgebantCMorem
880 2221 981 2261 hunc
994 2221 1104 2260 etiam
1119 2219 1362 2260 Homolottis
1375 2218 1498 2269 fuisse,
1509 2219 1661 2260 testatur
1675 2221 1735 2259 Ze·

480 2285 534 2312 no
560 2285 661 2313 otus.
723 2284 831 2313 OGN.

533 2328 612 2366 ibid.
634 2326 783 2378 Βύρσης)
808 2326 916 2379 Quid
930 2327 1004 2368 hoc
1018 2328 1074 2367 rei
1087 2327 1130 2367 sit
1141 2358 1153 2375 ,
1166 2326 1242 2380 ipse
1255 2339 1346 2367 mox
1356 2327 1566 2367 enarrabit:
1589 2326 1688 2367 unde
1699 2325 1735 2367 ὃ(

480 2375 615 2420 Suidas
626 2410 637 2428 ‚
651 2393 750 2433 quae
765 2381 878 2419 habet
891 2382 931 2420 in
948 2382 1013 2421 ἐπὶ
1027 2381 1173 2433 βύρσης,
1185 2380 1477 2421 consarcinavit.
1501 2380 1659 2421 SOLAN.
1761 2402 1764 2430 2

536 2434 627 2486 Pag.
647 2447 661 2472 1
673 2448 688 2472 1
701 2446 730 2472 1.
745 2435 768 2473 l.
781 2448 816 2485 9.
829 2435 1099 2491 Παραγειγὼν)
1113 2433 1247 2476 Suidas
1261 2435 1285 2474 l.
1299 2448 1331 2475 c.
1345 2434 1611 2489 περιαγαγών.
1624 2433 1664 2475 Ρ.
1676 2445 1733 2476 ve·
1759 2445 1764 2490 j

480 2500 529 2528 ro
543 2486 742 2544 παράγων.
763 2487 922 2536 δοιΑΝ.
1757 2496 1764 2539 i
