1764 3419
445 204 541 283 3&
637 220 1508 269 ANNOTATIONES

444 316 579 354 cutus,
601 307 702 348 πᾶσι
727 309 876 349 τούτοις
895 309 912 350 ἦ
928 310 1030 349 εἰκὼν
1042 307 1303 357 κεκοσμῆσδω.
1324 310 1371 349 Et
1383 311 1420 349 in
1437 310 1597 350 eundem
1616 314 1711 351 mci-¹

443 361 534 399 dum
550 360 677 412 paffim
693 363 752 401 hic
767 362 1024 414 Polystratus:
1040 376 1110 403 nec
1125 364 1230 402 aliter
1244 364 1390 415 potuir;
1403 365 1544 416 quippe
1555 365 1621 416 qui
1635 366 1708 404 Lu·

444 414 562 453 ciano
575 414 760 468 significat
772 418 908 456 ordine
920 417 1073 465 omnia,
1095 430 1192 469 quae
1207 417 1292 457 huic
1315 416 1598 469 perfeffissimae
1614 419 1707 456 ima·

445 467 544 519 gini,
562 481 664 520 quae
680 481 771 508 vere
794 470 948 509 demum
972 469 1193 516 venustam,
1207 469 1439 516 formosam,
1461 471 1502 510 δι
1524 471 1707 510 omnibus

445 522 565 559 animi
596 522 844 574 corporisque
868 524 1073 563 virtutibus
1097 522 1368 563 ornatiffimam
1401 524 1576 564 exhibeat
1599 523 1708 564 femi·

446 587 537 612 nam
551 604 562 620 ‚
584 573 653 613 sint
672 576 894 627 affingenda.
918 576 963 615 In
980 577 1072 616 Flor.
1094 578 1151 616 ed.
1175 578 1288 616 video
1306 577 1412 616 ἐστιν
1428 577 1584 623 cusum,
1598 577 1707 630 quod

447 628 627 666 nimirum
646 627 754 667 facile
775 642 823 668 ex
838 630 938 669 ἔστω
952 642 1180 682 corruptum
1199 631 1263 670 est.
1279 629 1511 669 Praetermifi
1527 629 1706 683 ineptiffi·

447 693 550 719 mam
567 681 679 720 huius
696 682 772 722 loci
789 684 985 737 vulgatam
1004 697 1221 737 proponere
1233 685 1601 736 interpretationem:
1617 696 1707 723 nam

447 745 498 772 ne
517 733 642 785 inspici
656 737 808 788 quidem
826 750 1007 785 meretur,
1026 741 1121 777 adeo
1140 738 1189 777 ab
1207 749 1333 777 mente
1350 738 1515 778 auetoris
1534 736 1587 776 est
1600 738 1708 777 omni

448 787 570 826 modo
587 788 710 828 devia.
726 789 833 828 lens.
848 791 938 830 Non
951 802 1047 843 puto
1066 804 1166 845 opus
1182 791 1255 831 effe
1267 821 1278 839 ,
1297 801 1338 830 ut
1353 790 1436 830 ἐστὶ
1457 802 1649 830 mutemus
1668 791 1709 830 in

448 838 558 879 ἔστω.
583 841 749 895 Respicit
767 845 868 883 enim
894 857 934 884 re
956 844 1032 898 ipsa
1048 844 1286 897 Polystratus
1304 857 1385 883 non
1408 854 1486 884 tam
1508 845 1553 884 ad
1573 845 1708 897 imagi-

448 906 537 933 nem
553 894 656 934 suam
669 925 680 942 ‚
694 909 807 948 quam
822 911 910 949 prae
924 899 1096 938 manibus
1115 899 1226 938 habet
1237 929 1250 944 ,
1270 910 1507 951 quamquam
1524 898 1619 938 hanc
1633 897 1707 938 no-

448 948 591 994 minat,
604 963 718 1001 quam
735 952 778 989 ad
797 951 912 1004 ipsum
928 953 1146 1004 exemplum
1159 983 1170 1000 ,
1186 953 1392 992 Pantheam
1407 981 1417 997 ‚
1433 952 1540 1004 quod
1553 950 1710 1005 sequen-

448 1001 502 1060 tia
518 1001 601 1095 figis
615 1016 744 1056 aperte
763 1005 974 1054 declarant,
997 1007 1034 1045 in
1051 1007 1188 1060 quibus
1210 1006 1394 1046 indicandi
1413 1008 1531 1044 modo
1551 1006 1607 1045 uti
1627 1017 1710 1058 per·

477 1065 517 1094 it.
579 1067 665 1096 ESN.

447 1066 474 1108 g
509 1109 595 1163 Pag.
612 1125 670 1150 22.
683 1111 705 1150 l.
722 1123 753 1159 5.
770 1112 922 1164 Θεανὼ)
942 1113 1005 1154 De
1028 1113 1098 1152 hac
1112 1113 1278 1152 Theano
1291 1112 1548 1166 Pythagorica
1569 1111 1709 1151 Mena-

450 1162 536 1214 gius
552 1165 640 1216 quid
655 1165 854 1219 collegerit
864 1197 875 1212 ‚
889 1167 1002 1207 habes
1014 1168 1049 1206 in
1067 1167 1194 1206 libello
1205 1197 1218 1213 ‚
1231 1180 1348 1219 quem
1363 1167 1408 1206 de
1421 1166 1609 1205 mulieribus
1623 1166 1709 1204 Plu·-

450 1215 601 1268 losoplzis
620 1217 773 1271 scripfit.
797 1221 1038 1274 Pythagorae
1058 1236 1195 1260 uxorem
1224 1221 1314 1259 dicit
1337 1220 1453 1272 Diog.
1474 1220 1596 1259 Laert.
1620 1232 1709 1272 pag.

451 1283 529 1318 224
550 1271 596 1311 C.
616 1272 755 1312 Noster
760 1275 874 1324 filiam
894 1274 1021 1315 facere
1035 1276 1203 1321 videtur,
1221 1275 1342 1327 Ἐρωτ.
1358 1288 1391 1314 c.
1404 1287 1463 1327 30.
1482 1273 1600 1326 Apud
1612 1272 1710 1312 Plut.

450 1324 568 1372 2471.
583 1326 657 1365 hoc
675 1327 812 1368 dictum
828 1329 910 1367 eius
932 1329 1052 1368 fertur
1065 1330 1202 1369 dicenti
1217 1329 1363 1368 cuidam
1375 1358 1389 1374 ,
1405 1329 1519 1366 καλὸς
1533 1326 1548 1364 ὃ
1562 1325 1712 1380 πῆχυς.

451 1376 542 1415 ἀλλ’
553 1375 590 1417 05
606 1379 798 1429 ambo-105.
819 1382 928 1422 Adde
940 1383 1131 1435 Porphyr.
1146 1382 1223 1422 No.
1241 1396 1301 1436 19,
1315 1382 1354 1421 δι
1367 1381 1460 1420 Not·
1479 1381 1531 1419 At
1545 1381 1604 1419 hic
1620 1381 1708 1433 qui·

450 1431 537 1470 dem
557 1432 757 1473 Pausaniae
778 1447 938 1475 matrem
964 1437 1152 1489 intelligit,
1176 1437 1287 1476 cuius
1307 1435 1498 1475 historiam
1518 1434 1618 1487 apud
1640 1433 1712 1474 Po.

447 1483 635 1535 lyaenum
656 1488 770 1527 habes
784 1488 895 1529 Strat.
909 1489 1003 1529 VlIl
1016 1519 1027 1535 ,
1046 1504 1081 1542 ρ.
1096 1491 1184 1543 630.
1203 1490 1362 1529 SOLAN.

505 1542 577 1577 ead.
596 1541 618 1579 l.
633 1541 668 1581 6.
685 1543 870 1594 Διοτίμα)
886 1545 973 1583 Vid.
988 1540 1066 1582 Εὖν.
1083 1558 1114 1583 c.
1133 1558 1174 1591 7,
1191 1543 1232 1582 δι
1246 1544 1335 1583 Plat.
1350 1549 1479 1592 Συμπ.
1496 1556 1569 1595 337
1582 1540 1629 1580 C.
1643 1540 1709 1582 Ab

449 1590 522 1632 hac
539 1593 716 1635 Socrates
731 1597 915 1637 amatoria
932 1597 968 1637 se
987 1596 1151 1637 didiciffe
1168 1598 1243 1637 illic
1256 1596 1469 1650 profitetur.
1483 1596 1640 1636 SOLAN.

505 1650 578 1686 ead.
599 1650 622 1686 l.
644 1649 678 1688 8.
698 1649 737 1689 ‘H
757 1651 911 1703 Σαπφὼ
933 1651 978 1690 δὲ
1005 1652 1109 1705 διε.)
1140 1651 1247 1692 Haec
1270 1651 1428 1691 Luciani
1454 1650 1592 1695 verba,
1618 1661 1708 1689 cum

448 1701 656 1751 praemiffis
669 1703 783 1744 huius
794 1706 927 1758 capitis
939 1705 1124 1754 versibus,
1135 1702 1357 1759 fragmentis
1367 1703 1540 1758 Sapphus
1554 1701 1712 1743 inseruit

452 1754 577 1794 Wolf.
599 1770 634 1810 p.
653 1771 724 1807 ¹04
739 1757 762 1796 f.
782 1758 923 1799 Risu-z.
1456 1777 1460 1781 ’

499 1813 573 1849 ead.
586 1811 610 1850 l.
629 1825 643 1849 1
657 1812 857 1853 rumim
870 1828 927 1854 σοι
939 1812 1004 1852 καὶ
1019 1807 1119 1854 αὕτη
1132 1843 1144 1859 ,
1163 1813 1306 1861 Λυκῖνε,
1320 1812 1527 1852 &vando-30>
1544 1809 1562 1852 ἦ
1582 1810 1711 1863 εἰκὼν)

448 1864 512 1906 Sic
526 1863 728 1917 legendum
743 1895 753 1910 ,
775 1880 852 1906 non
865 1897 879 1914 ,
901 1879 943 1907 ut
961 1869 999 1906 in
1016 1867 1179 1920 vulgatis
1191 1898 1201 1916 ,
1216 1864 1327 1909 αὐτή.
1348 1867 1443 1906 Talis
1455 1881 1582 1919 quoque
1594 1864 1709 1918 (qua-
1732 1876 1734 1879 ’

444 1921 493 1962 lis
517 1930 654 1972 nempe
672 1919 847 1959 Diotima
869 1922 964 1968 fuit,
986 1921 1185 1974 prudentia
1207 1921 1248 1961 &
1268 1920 1428 1962 consilio
1455 1920 1649 1972 praedita)

450 1976 533 2013 haec
549 1972 661 2027 imago
672 1973 913 2027 suspendatur.
925 1975 985 2015 Sic
1003 1976 1102 2014 enim
1115 1975 1244 2027 potius
1259 1974 1460 2025 ἁνακεῖμοιι
1481 1974 1710 2012 vertendum

449 2036 571 2082 puto,
588 2040 704 2079 quam
726 2041 791 2080 per
810 2029 923 2082 reponi
942 2042 1029 2069 cum
1046 2030 1261 2081 interprete.
1282 2028 1404 2068 Posset
1420 2029 1461 2068 &
1476 2039 1543 2080 per
1562 2027 1708 2066 dedicari

448 2080 570 2127 verti,
590 2094 672 2133 quo
689 2082 812 2121 verbo
830 2083 876 2121 de
889 2081 1018 2122 statuis
1036 2096 1081 2123 ac
1104 2082 1313 2122 simulacris
1330 2082 1470 2121 alicubi
1484 2079 1714 2120 constituen-

449 2138 504 2176 dis
524 2146 688 2174 utuntur
704 2136 836 2175 Latini.
858 2136 1064 2177 Suetonius
1080 2137 1117 2176 in
1133 2137 1236 2189 Aug.
1259 2150 1290 2176 c.
1307 2150 1349 2190 3¹
1367 2149 1376 2175 ε
1393 2137 1538 2174 Statuas
1559 2135 1712 2174 omnium-

450 2190 647 2240 triumphali
665 2189 767 2243 effigie
787 2191 821 2229 ἱη
839 2204 978 2243 utraque
985 2190 1058 2242 fori
1074 2190 1133 2242 fisi
1144 2191 1276 2243 porticu
1294 2190 1471 2229 deAEcavit.
1485 2188 1548 2228 Sic
1559 2189 1715 2228 dedicare>

450 2245 605 2283 Deorum
616 2245 802 2294 fimulacra
820 2246 920 2297 apud
936 2245 1097 2284 eundem
1122 2245 1159 2282 in
1175 2245 1331 2292 eodem,
1347 2257 1378 2283 c.
1397 2257 1456 2295 57,
1471 2243 1511 2282 &
1532 2243 1584 2281 ita
1606 2242 1708 2281 alibi.

450 2299 518 2338 Uti
538 2308 665 2336 autem
691 2299 750 2337 hic
774 2298 1000 2338 ιἰνεικεῑσῖπιι
1022 2299 1068 2337 de
1085 2298 1214 2337 tabula
1237 2298 1357 2350 ρίξὶει,
1379 2297 1431 2336 ita
1449 2297 1488 2335 δι
1509 2296 1554 2335 de
1575 2295 1715 2335 statuis,

448 2350 594 2392 solebat
612 2351 646 2390 id
662 2352 768 2391 verbi
782 2365 803 2390 a
819 2351 978 2392 Graecis
996 2351 1106 2392 sumi.
1128 2352 1260 2391 Docet
1282 2353 1503 2391 Athenaeus
1523 2350 1584 2389 lib.
1601 2349 1617 2388 1
1639 2349 1710 2388 Di-

449 2403 635 2457 pnosoph.
651 2405 829 2452 scribens,
838 2405 1075 2446 Ἀνακεῖσόαι
1087 2406 1131 2445 <9¹2
1143 2405 1268 2457 φαμὲν
1280 2405 1347 2445 ἐπὶ
1360 2403 1588 2455 ἀνδριάντος.
1600 2403 1709 2443 IENS.

448 2459 675 2501 ’Avaueicecco
692 2460 788 2499 verti
803 2460 946 2513 potest,
959 2472 1125 2513 ponatur.-
1149 2462 1224 2500 hoc
1241 2460 1340 2499 enim
1357 2459 1519 2498 verbum
1542 2457 1595 2496 est
1617 2469 1711 2509 pro-

447 2514 585 2567 prium.
597 2512 717 2556 Ovid.
733 2514 802 2568 Ep.
818 2528 835 2556 1
857 2514 951 2556 Her.
971 2516 1039 2557 26:
1058 2514 1205 2555 Ponitur
1221 2515 1269 2554 ad
1279 2514 1409 2570 patrios
1424 2514 1567 2552 barbara
1580 2513 1716 2568 praeob-
