1764 3419
422 227 512 292 §fi
608 227 1476 279 ANNoTATtoNEs

470 320 578 358 ead.l.
599 333 611 357 ι
625 332 655 360 t.
673 315 778 359 ’Ἤτοι
792 319 975 372 κεραυνῷ)
1000 319 1057 360 Ex
1074 319 1144 358 Ms.
1159 319 1377 372 legendum,
1397 319 1477 361 ἷὶτοι
1500 322 1671 372 κεραυνῷ,

416 373 436 411 ῑὶ
450 372 545 419 ἄλλῃ
559 387 630 411 τινι
646 372 821 431 μηχανῇ,
834 386 914 411 non
928 387 968 411 ut
980 373 1061 411 edd.
1077 373 1306 424 praeferunt,
1321 372 1399 412 ἰίτοι
1413 373 1568 425 κεραυνῷ
1581 389 1670 422 τιτι,

417 424 546 472 iiam.»
559 428 730 477 μηχανή.
752 426 921 465 Gmoev.
940 427 1009 465 Μι.
1025 425 1104 465 Ox.
1125 425 1143 464 ἦ
1156 441 1227 465 τινι
1242 439 1352 474 amin
1370 426 1560 478 Impreffi,
1573 442 1671 474 τινι,

416 479 436 518 ἦ
457 491 566 527 amp.
583 480 663 530 Ego
679 480 848 517 ordinem
865 481 1073 517 verborum
1089 478 1138 517 sic
1152 481 1308 517 mutavi.
1330 480 1486 519 SOLAN.
1707 522 1711 526 ,

470 534 542 569 ead.
558 534 579 569 l.
602 545 654 582 ις.
676 533 914 570 Ἐπιλέλησαι
927 527 1048 578 οῦδὲν)
1075 533 1292 583 Legendum
1309 534 1474 580 videtur,
1491 533 1671 572 {acaem-

416 599 483 623 σαι
498 585 554 623 ὃτι
567 582 667 622 οῦδὲν
682 588 752 624 ὄις.
766 584 936 623 GuYn.
955 585 1057 623 Bene
1070 587 1285 624 coniecerat
1297 585 1495 636 Guyetus‚
1509 588 1671 625 coniun-

417 637 581 675 &ionem
594 636 723 675 deesse.
736 636 797 674 Ὡς
813 638 926 689 igitur
941 650 986 674 ex
1004 637 1101 676 Cod.
1118 637 1170 678 O.
1182 638 1317 678 lubens
1333 640 1468 692 recepi.
1496 640 1640 679 Rtlrz.

471 692 542 727 ead.
557 691 579 727 l.
597 692 653 728 16.
666 689 728 728 Ὦς
743 686 862 741 adsto)
877 691 931 729 hx
949 690 1018 729 Ml'.
1031 690 1173 730 Ox.est
1191 692 1278 730 illud
1297 687 1355 731 ὧς.
1379 691 1536 731 SOLAN.

470 742 559 791 Pag.
576 757 661 794 252.
680 744 701 779 l.
716 759 750 791 4.
773 745 982 793 Πλοιιέιμων
997 766 1040 773 -
1057 741 1230 796 ἕλκοντα)
1256 745 1427 795 Quando
1439 747 1514 785 hoc
1527 744 1669 786 faaum

415 794 459 833 sit
475 794 611 834 nescio.
626 795 667 834 In
680 795 756 835 Ox.
771 793 959 836 ἕλκοντας.
973 797 1190 848 Utrumque
1211 800 1387 849 probum.
1409 799 1565 838 SOLAN.

471 852 544 887 ead.
561 850 584 888 l.
600 849 635 888 6.
653 848 860 901 Γεραιστῷ)
885 850 1027 889 Veram
1045 851 1117 889 esse
1129 852 1224 889 hanc
1245 850 1465 904 scripturam
1477 881 1489 900 ,
1504 863 1604 904 patet
1619 864 1670 892 ex

418 901 595 953 Thucyd.
621 902 697 948 111,
727 916 744 955 3
759 932 769 945 ,
795 908 934 954 (quem
948 904 1160 942 adeundum
1175 904 1386 943 Hemsterh.
1403 906 1440 944 in
1456 918 1570 958 marg.
1585 919 1671 946 mo-

416 954 529 1007 nuit.)
545 956 643 994 Nam
658 956 743 995 licet
759 955 930 995 Hudson.
945 958 982 995 in
996 958 1170 995 variantt.
1188 957 1307 998 Lectt.
1321 958 1394 998 illic
1408 966 1529 1006 notet,
1548 959 1661 998 etiam

412 1012 598 1058 ΐεραστδς
613 1008 688 1048 fine
706 1009 946 1061 diphthongo
959 1009 1079 1055 scribi,
1096 1010 1264 1050 Waflius
1275 1023 1399 1050 tamen
1413 1012 1508 1051 bene
1524 1023 1670 1061 monet,

416 1062 528 1099 etiam
543 1062 684 1101 Latinis
696 1062 937 1115 Geographis
951 1065 1126 1111 Gemellus
1138 1063 1256 1110 scribi,
1267 1077 1311 1104 ac
1322 1064 1506 1104 Dukerus
1523 1078 1570 1104 ex
1583 1065 1668 1105 Liv.

418 1114 562 1161 XXXI,
575 1131 638 1166 45,
656 1116 845 1166 Geraestum
857 1117 994 1155 nobilem
1013 1117 1192 1156 Euboeae
1207 1130 1361 1169 portum
1379 1120 1523 1163 vocari,
1540 1119 1669 1165 docet,
1728 1130 1732 1135 ·

418 1179 462 1206 ac
474 1168 686 1208 Lucianuin
703 1181 750 1207 ex
764 1169 798 1207 h.
809 1169 832 1206 1.
848 1169 977 1208 testem
992 1170 1162 1218 adducit3
1174 1170 1260 1210 licet
1272 1183 1402 1210 errore
1416 1172 1671 1225 typographi·

420 1233 472 1260 co
493 1225 660 1272 Γεραιτὶς
681 1235 751 1274 pro
776 1225 973 1272 Γεραιστὸς
999 1223 1037 1262 in
1054 1222 1114 1262 illa
1133 1225 1178 1264 ad
1199 1224 1378 1276 Thucyd.
1400 1225 1504 1264 Nota
1529 1227 1671 1265 editum

415 1273 683 1327 conspiciatur.
709 1275 854 1314 Rmz.

469 1332 543 1367 ead.
557 1330 579 1365 l.
597 1343 633 1379 9.
658 1329 1024 1382 Ἀπσσκευάζεσᾶοιὴ
1052 1329 1194 1369 Malam
1218 1330 1564 1384 interpunffionem
1580 1361 1593 1378 ,
1619 1344 1667 1371 ex

415 1394 494 1432 qua
508 1382 607 1420 mala
621 1395 779 1434 quoque
790 1394 877 1421 ante
892 1381 1017 1421 versio
1033 1395 1120 1422 nata
1134 1396 1227 1431 erat,
1243 1386 1404 1424 correxi.
1418 1385 1550 1437 Vulgo
1565 1387 1666 1424 enim

415 1433 467 1473 fic
479 1436 619 1474 editum
635 1434 720 1474 fuit:
739 1436 800 1473 καὶ
812 1434 865 1474 δι’
880 1432 971 1474 αὐτὸ
985 1438 1334 1488 ἀποσκευάζεσθαι,
1346 1440 1409 1476 τὶν
1420 1437 1540 1486 ἄνὲρα.
1552 1436 1588 1477 οὗ
1598 1453 1670 1478 πε-

415 1489 639 1540 ριμείναντες
654 1488 727 1527 &c.
749 1487 820 1528 Sed
831 1489 1161 1540 ἀποσκευάζεσθαι
1175 1492 1363 1543 pertinere
1373 1492 1417 1530 ad
1429 1491 1564 1543 aspa,
1578 1492 1668 1532 faci-

414 1541 451 1579 le
465 1553 580 1594 pat-et,
595 1541 792 1581 &locutio
807 1541 950 1581 satisest
961 1543 1127 1595 vulgata,
1144 1557 1216 1594 pro
1227 1560 1243 1582 e
1256 1546 1360 1584 medio
1369 1545 1478 1584 tollere
1487 1546 1666 1598 aliquem,

415 1593 579 1633 maxime
593 1595 834 1642 Herodiano,
847 1596 913 1648 qui
926 1596 1128 1648 aliquoties
1143 1597 1194 1637 ita
1210 1599 1343 1646 utitur,
1358 1610 1399 1637 ut
1412 1597 1429 1636 I
1441 1628 1452 1646 ‚
1466 1611 1498 1638 c.
1519 1598 1608 1648 17,§
1627 1613 1665 1651 3,

415 1648 480 1686 καὶ
494 1649 648 1688 λοιποὺς
658 1648 852 1697 πατρῴους
860 1649 993 1699 φίλους
1003 1651 1354 1690 ἀποσκευάσασθαι
1369 1653 1521 1691 πάντας
1532 1651 1666 1693 liena.

416 1700 512 1740 Item
526 1701 624 1749 Vll,
650 1716 664 1740 1
680 1731 694 1747 ,
711 1716 747 1752 7.
765 1701 887 1754 Quod
903 1703 1013 1755 supra
1028 1704 1099 1742 iam
1114 1705 1365 1745 exhibuimus.
1388 1705 1436 1745 Et
1446 1705 1590 1746 Nostro
1603 1705 1667 1745 su·

415 1768 483 1808 pra
494 1755 707 1806 Tyrannic.
718 1768 751 1795 c.
772 1770 806 1802 1,
818 1768 933 1809 atque
943 1757 1042 1795 alibi.
1063 1757 1209 1796 Rmrz.
1427 1801 1431 1803 λ

469 1809 560 1860 Pag.
576 1823 664 1859 253.
681 1810 702 1848 l.
722 1822 752 1847 1.
778 1813 870 1848 Tem
891 1809 1052 1862 ταύτην)
1078 1809 1243 1849 Subaudi
1263 1810 1359 1851 ὁδόν.
1380 1811 1550 1852 GUYET.
1573 1812 1665 1853 vid.

413 1860 492 1902 Bos
503 1863 547 1901 de
559 1861 697 1914 Ellipfi‚
711 1863 749 1901 8.-
763 1874 834 1902 nos
847 1863 955 1915 supra
968 1864 1016 1903 T.
1028 1864 1055 1902 1.
1070 1863 1213 1903 Patebit
1226 1878 1274 1904 ex
1285 1864 1420 1904 Indice.
1436 1865 1580 1905 ΚΕΗ-Ζ.

462 1918 541 1954 ead.
556 1916 579 1953 l.
594 1930 629 1967 9.
655 1915 773 1967 Νεοις)
801 1917 904 1955 Ante
927 1916 1159 1970 trigesimum
1175 1919 1307 1957 aetatis
1320 1930 1462 1958 annum
1481 1931 1554 1968 pro
1568 1931 1663 1958 con-

411 1969 526 2009 cione
550 1969 672 2008 dicere
696 1970 798 2022 leges
813 1970 1101 2009 Atheniensium
1125 1983 1202 2009 non
1226 1971 1406 2011 sinebant.
1437 1972 1662 2012 Senioribus

411 2023 523 2062 etiam
538 2023 683 2074 primus
693 2023 836 2062 dicendi
856 2025 966 2064 locus
986 2024 1280 2065 concedebatur.
1303 2026 1402 2065 Vide
1415 2024 1511 2064 Plut.
1537 2039 1638 2076 ¹404
1651 2056 1666 2076 ,

410 2088 448 2114 2.
477 2075 635 2115 SOLAN.

464 2131 537 2167 ead.
555 2130 579 2167 I.
601 2143 658 2181 13.
675 2125 795 2168 Ὥστε
808 2129 861 2180 μὴ
878 2129 958 2168 καθ’
974 2128 1141 2179 ἦλικίαιν,
1163 2132 1272 2170 ἀλλὰ,
1296 2134 1410 2172 nomin
1426 2131 1555 2172 ἄπεισι
1570 2148 1661 2184 προ·

411 2181 564 2222 κεῖσθαι
580 2184 644 2221 τὸν
659 2183 792 2236 λόγον)
817 2185 969 2223 Horum
982 2184 1193 2223 verborum
1208 2184 1352 2224 sensum
1368 2198 1448 2225 non
1469 2186 1554 2225 sunt
1567 2185 1659 2226 affe-

411 2237 493 2275 cuti
515 2237 750 2288 interpretes,
765 2250 932 2288 quorum
947 2237 1060 2276 alter:
1075 2239 1157 2276 utin
1171 2254 1209 2277 ea
1221 2254 1288 2278 non
1299 2240 1434 2286 aetatis,
1440 2239 1504 2291 sed
1515 2255 1659 2279 commu-

409 2289 464 2329 nis
476 2290 626 2329 omnibus
639 2290 717 2328 boni
733 2292 820 2330 ratio
835 2304 1053 2342 proponatur.
1076 2292 1206 2331 Alter:
1231 2305 1269 2332 ut
1283 2308 1349 2332 non
1363 2295 1485 2332 aetatis
1497 2293 1658 2344 refpeHu,

399 2344 465 2395 sed
483 2344 664 2382 communis
676 2345 836 2383 utilitatis
851 2345 1037 2396 servandae
1053 2346 1166 2396 gratia
1177 2347 1328 2386 omnibus
1344 2362 1473 2400 quoque
1483 2347 1592 2398 sermo
1607 2349 1658 2399 ste

405 2388 606 2449 p‘ropofitus.
619 2397 752 2437 Sensus
767 2397 820 2436 est
833 2411 841 2436 :
858 2411 897 2438 ut
905 2414 971 2438 non
982 2400 1103 2438 aetatis
1115 2400 1201 2438 ratio
1217 2401 1328 2439 haberi
1339 2402 1465 2446 debeat,
1473 2401 1539 2452 sed
1546 2417 1658 2440 omnes

407 2452 621 2490 communiter
631 2451 829 2501 sententiam
843 2453 945 2504 suam
965 2453 1067 2491 dicere
1079 2466 1238 2506 oporteat.
1261 2454 1403 2493 Eodem
1423 2454 1558 2500 modo,
1576 2467 1658 2506 quo

408 2504 655 2558 Mnesiphilus
679 2506 779 2560 apud
794 2506 888 2546 Plut.
902 2505 1073 2548 Conviv.
1088 2521 1113 2560 7
1135 2505 1299 2561 Sapient.
1314 2521 1351 2561 p.
1372 2521 1466 2561 154:
1490 2508 1583 2563 'PL->ch
1595 2523 1656 2550 τοι
