1764 3419
438 218 534 285 3&
641 217 1510 268 ANNOTATloNEs

441 309 562 362 ciphr.
574 308 592 348 1
603 339 614 355 ‚
628 309 696 362 Ep.
711 324 759 362 34
770 338 780 356 ‚
805 323 841 361 p.
858 308 930 358 148
943 338 956 355 ‚
969 308 1034 348 ubi
1045 307 1154 348 simul
1166 307 1261 348 haec
1273 307 1436 347 Luciani
1451 307 1614 350 afferens
1626 310 1679 350 ait
1690 318 1708 358 j

442 363 539 403 haec
555 362 717 415 suppleri
730 364 792 403 vel
807 376 871 415 per
884 365 990 401 κατὰ
1001 366 1046 401 τὶ
1061 360 1130 401 τοῦ
1145 359 1268 413 καιροῦ
1277 390 1290 407 ,
1304 362 1365 401 vel
1379 374 1448 415 per
1461 375 1604 403 nomen
1616 377 1706 404 ver-

442 417 549 465 bale·‚
568 430 681 469 quem
705 418 802 456 vide.
823 417 965 456 Rem-z.

496 477 570 509 ead.
588 473 611 509 l.
625 471 659 509 8.
678 469 890 515 Λιβανωτοῦ
901 486 932 522 χ
940 469 1068 521 hispane
1079 469 1271 521 τέτταρας
1284 463 1327 508 eb*
1335 469 1448 518 μάλα
1461 465 1551 520 εὕρ.)
1563 470 1598 510 Si
1610 470 1706 509 τέτ·

441 539 561 576 ταρας
577 526 763 576 excipias,
777 524 886 576 plane
901 524 1023 562 'iiidem
1040 523 1166 561 verbis
1187 523 1308 562 utitur
1329 523 1499 575 Alciphr.
1519 525 1555 562 in
1569 524 1706 562 descri-

444 580 573 619 bendo
588 580 914 629 pauperrimorum
938 577 1138 616 hominum
1160 575 1355 615 sacrificio.
1373 576 1415 614 L.
1431 576 1504 622 111,
1522 576 1591 629 Ep.
1607 590 1653 629 35
1675 576 1702 616 f.

442 633 459 671 ὁ
473 632 518 671 Σὲ
530 647 586 670 ἔτι
602 633 821 683 πενέστερος
839 628 1046 675 λιβανωτοῦ
1059 629 1242 683 χόνὲρους
1258 625 1422 680 stipam
1435 625 1702 681 εὐρωτιῶντας.

443 686 544 736 Quo
560 685 649 724 loco
665 686 831 736 Bergler.
848 686 884 724 &
902 685 976 724 hoc
1000 684 1157 723 Luciani
1179 683 1349 736 proferre
1374 695 1453 721 non
1475 683 1529 722 est
1551 684 1705 723 oblitus.

442 739 636 779 Gesnerus
650 739 687 777 in
700 740 762 778 sua
774 748 994 778 correxerat
1005 734 1262 789 εὐρωτιῶντας,
1276 738 1312 776 δι
1326 737 1448 776 mucidi
1459 747 1628 785 veterat3
1644 737 1706 776 be-

444 806 506 837 ne,
521 804 562 831 ut
573 794 647 844 seq.
659 794 936 844 παρασχόντος
950 791 1182 843 respondeat.
1199 790 1337 842 Quare
1350 790 1390 829 δι
1405 790 1479 830 hoc
1491 790 1707 835 malim‚aut

443 848 573 900 potius
585 845 871 899 παρασχόντας
885 858 972 885 cum
989 845 1074 884 Pell.
1090 846 1278 898 recipere,
1290 845 1381 897 quia
1396 844 1436 883 δι
1446 844 1617 898 Alciphr.
1634 844 1658 883 1.
1671 845 1709 884 d.

443 899 699 951 εὐρωτιῶντας
716 901 838 939 habet.
853 900 1061 952 Vulgarum
1079 910 1206 937 tamen
1227 911 1306 937 non
1323 899 1454 944 movi,
1473 899 1562 950 quia
1579 912 1707 951 παρα-

444 955 614 1008 σχόντος
629 956 672 993 ad
686 951 894 999 λιβανωτοῦ
908 954 1071 992 relatum
1086 952 1284 992 videbatur
1299 951 1392 990 stare
1403 950 1516 1004 poffe.
1531 952 1678 990 Rtrrz.

498 1010 569 1047 ead.
590 1010 612 1046 l.
637 1007 999 1058 9.'E¹7rmsseo·5†3me)
1022 1006 1064 1046 L.
1085 1007 1241 1060 optime.
1261 1005 1304 1044 ln
1331 1006 1488 1057 reliquis
1511 1006 1707 1050 ἀποσβ-.

443 1062 601 1103 SOLAN.
616 1060 940 1113 Ἀποσβεσῦιῖναι)
957 1060 1104 1114 Ignoro
1117 1061 1281 1099 verbum
1295 1059 1537 1109 ἑπισβέννυμι
1552 1088 1562 1105 ,
1580 1071 1651 1098 nec
1668 1060 1707 1098 in

445 1116 698 1169 Alciphronis
718 1116 806 1155 loco
826 1114 989 1155 adducto
1002 1114 1207 1167 quidquam
1220 1113 1274 1153 est
1285 1111 1466 1166 praesidii.
1482 1112 1532 1152 Et
1545 1113 1611 1152 vix
1624 1125 1709 1153 cre·

445 1172 601 1219 debam,
621 1169 749 1209 Solani
767 1182 834 1209 aut
852 1169 1093 1209 Collatorum
1115 1167 1218 1207 fuiffe
1243 1179 1406 1206 mentem
1420 1196 1433 1212 ,
1454 1177 1496 1205 ut
1512 1166 1611 1207 aliud
1626 1179 1710 1206 tan·

443 1237 526 1265 tum
550 1223 807 1276 compositum
832 1222 997 1263 eiusdem
1019 1222 1127 1262 verbi
1150 1222 1326 1271 σβέννυμι
1346 1219 1554 1260 necessario
1574 1220 1711 1260 substi-

442 1279 627 1319 tuendum
644 1278 860 1325 voluerint;
885 1289 973 1316 nam
999 1275 1028 1315 fi
1048 1276 1273 1328 exstinguendi
1292 1273 1524 1328 significatus
1539 1276 1710 1314 retinen-

443 1334 515 1373 dus
529 1345 631 1379 erat,
645 1333 800 1384 vulgara
813 1343 973 1383 quoque
995 1340 1147 1383 poterat
1162 1328 1327 1375 servari,
1346 1341 1462 1381 atque
1481 1329 1626 1380 exponi
1643 1339 1711 1379 pet¹
1760 1359 1761 1362 η

442 1386 560 1440 ellips.
578 1385 777 1439 praeposit.
799 1385 880 1432 σὺν,
893 1397 931 1424 ut
947 1397 1001 1422 tus
1012 1385 1124 1435 statim
1146 1399 1217 1422 una
1239 1399 1313 1422 cum
1327 1384 1469 1422 carbone
1488 1383 1709 1436 exstinguere·

444 1454 514 1486 tur,
529 1440 679 1493 qualem
698 1438 839 1492 ellipsin
853 1451 931 1478 non
947 1437 1058 1477 semel
1071 1438 1272 1477 habuimus
1285 1437 1408 1488 supra.
1419 1436 1508 1476 Vid.
1523 1435 1650 1475 saltem
1665 1436 1713 1475 ad

449 1508 465 1533 ι
486 1495 579 1533 Ver.
597 1493 691 1533 Hist.
704 1506 792 1546 c.33
809 1493 904 1532 med.
918 1493 1069 1532 Verum
1083 1492 1238 1539 videns,
1253 1491 1352 1530 aliud
1367 1503 1482 1543 quam
1504 1489 1714 1544 exstinguen-

444 1549 481 1586 di
497 1548 658 1587 verbum
675 1548 733 1586 hic
745 1548 873 1586 locum
891 1558 969 1584 non
991 1546 1154 1594 habere,
1172 1544 1264 1584 sensi
1275 1544 1458 1584 Solanum
1479 1543 1714 1590 ἐπισβεσθῆ-

446 1616 508 1641 ναι
525 1603 610 1641 ideo
630 1601 844 1640 accuratius
858 1599 1083 1639 existimasse
1096 1629 1106 1646 ‚
1122 1600 1306 1652 quoniam
1323 1598 1388 1637 ἐπὶ
1404 1597 1455 1638 fic
1470 1597 1592 1651 posset
1603 1610 1713 1638 com·-

447 1656 601 1695 modius
612 1657 739 1695 denuo
755 1654 935 1706 intelligi,
955 1654 978 1692 i.
991 1667 1025 1693 e.
1040 1653 1170 1699 ἑπισβ.
1185 1653 1250 1692 ἐπὶ
1263 1652 1317 1703 τῷ
1329 1650 1488 1704 ἄνθρακι.
1503 1651 1628 1704 Quod
1641 1653 1713 1692 ita·
1762 1671 1764 1674 ·

445 1722 526 1761 que
544 1709 651 1750 facile
668 1709 916 1749 concederem
938 1721 982 1747 ac
1004 1708 1209 1760 reciperem
1222 1737 1234 1753 ,
1247 1706 1275 1746 si
1300 1708 1418 1746 modo
1443 1706 1572 1760 plures
1586 1705 1711 1746 Codd.

445 1764 686 1810 addicerent,
702 1774 769 1803 aut
792 1762 944 1802 aliunde
961 1761 1050 1800 mihi
1071 1774 1118 1801 ex
1142 1761 1309 1814 probatis
1330 1760 1443 1800 aufit.
1467 1770 1605 1800 notum
1620 1759 1712 1800 effet

445 1819 610 1858 verbum
626 1817 752 1862 ἐπισβ.
767 1817 821 1856 Ar
836 1817 924 1869 quia
937 1815 1139 1868 vulgatum
1160 1814 1247 1854 satis
1262 1813 1385 1867 potest
1398 1813 1553 1867 intelligi
1568 1826 1618 1854 eo
1629 1813 1712 1853 sen-

444 1871 488 1911 su
503 1903 512 1919 ,
533 1886 614 1924 quo
633 1872 817 1919 diximus,
838 1883 1007 1922 cumque
1027 1881 1174 1923 prunae
1191 1882 1238 1908 ex
1253 1869 1384 1922 ligno,
1397 1867 1535 1921 quibus
1554 1868 1713 1908 uteban-

446 1936 526 1973 tur,
541 1927 651 1966 citius
666 1924 974 1977 exstinguuntur,
987 1936 1103 1977 quam
1125 1922 1276 1962 nostrae
1299 1935 1346 1961 ex
1372 1922 1534 1976 cespite,
1552 1934 1632 1962 non
1652 1923 1711 1961 in·

445 1992 533 2032 epte
546 1981 716 2020 dicentur
728 1992 803 2019 una
816 1992 902 2018 cum
914 1989 1000 2018 ture
1013 1976 1227 2018 exstinctae.
1242 1977 1388 2016 Rnrz.

502 2037 574 2073 ead.
588 2035 610 2072 l.
626 2047 683 2073 ιο.
698 2031 935 2085 Ὀσφρᾶσῧαι
949 2029 1017 2072 τοῦ
1030 2029 1179 2071 καπνοῦ
1194 2032 1209 2078 )
1225 2031 1326 2071 Cum
1350 2029 1520 2083 Iuppiter
1538 2041 1712 2083 conque·

447 2087 527 2127 ssus
548 2087 637 2126 esset
660 2087 706 2126 de
727 2086 901 2126 sordibus
923 2085 1144 2131 Mnesithei‚
1164 2085 1230 2138 qui
1253 2096 1302 2124 ex
1316 2083 1518 2137 naufragio
1541 2083 1715 2124 servatus

447 2154 536 2181 cum
553 2141 642 2180 Diis
661 2139 885 2193 promisisset
901 2140 1167 2179 hecatombam
1180 2169 1193 2185 ,
1205 2137 1322 2178 solvit
1341 2149 1488 2178 tantum
1503 2138 1645 2190 gallum
1657 2136 1715 2177 se-

447 2196 515 2234 nio
527 2194 760 2240 confefium,
773 2194 813 2233 &
825 2205 994 2246 quatuor
1012 2206 1130 2246 grana
1141 2194 1247 2239 turis,
1264 2188 1312 2231 ὧς
1328 2190 1471 2232 αὐτίκα
1487 2189 1718 2237 ἀποσβεσθῆ-

449 2264 511 2289 ναι
533 2249 585 2299 τῷ
607 2249 754 2300 ἄνθρακι
768 2279 779 2294 ‚
795 2249 848 2299 μὴ
867 2247 910 2287 ἑὲ
925 2247 1006 2287 ‘dm
1027 2248 1126 2298 α’κρα
1144 2245 1195 2297 τῇ
1209 2246 1539 2299 ῥινὶὸσφραίνατὲαι
1560 2244 1630 2284 τοῦ
1645 2259 1717 2284 κα-

449 2303 545 2342 πνοῦ
558 2303 847 2355 παρασχόντος,
860 2304 947 2341 utin
956 2316 1068 2352 pruna
1076 2301 1192 2356 statim
1202 2300 1541 2355 exstinguerentur,&
1552 2299 1717 2350 vixsum·

450 2373 524 2396 mas
546 2373 642 2396 nares
657 2356 774 2409 feriret
785 2355 909 2408 fumus
928 2372 972 2394 ex
995 2356 1065 2394 illis
1085 2369 1200 2395 natus.
1215 2354 1286 2395 Ms.
1310 2353 1518 2407 ὃσφρῐῖσθαι.
1539 2353 1611 2393 Sed
1631 2353 1716 2405 lege

448 2410 668 2464 ὂσφρᾶσὲιαι.
688 2410 791 2450 Idem
813 2409 964 2463 quidem
986 2408 1057 2456 est,
1075 2410 1180 2462 quod
1199 2411 1474 2461 ὀσφραίνεσθαι·
1495 2406 1555 2447 sed
1576 2406 1718 2447 Gram-

449 2466 575 2504 matici
598 2464 852 2504 observarunt
864 2495 875 2512 ‚
891 2464 1002 2504 malle
1014 2464 1170 2504 Atticos
1184 2464 1395 2517 ὂσφρᾶσῧαι
1407 2493 1422 2512 ,
1436 2474 1552 2517 quam
1572 2459 1719 2512 ὀσφραί-

445 2526 596 2562 νεσθαι.
612 2519 786 2560 GRAEV.
