1764 3419
448 222 538 282 5m
641 219 1512 270 ANNoTAttoNEs

443 304 704 355 Collationes;
721 319 846 360 neque
861 307 941 346 abit
956 305 1037 345 Ox.
1055 319 1076 345 a
1089 306 1237 359 vulgari
1252 317 1371 348 textu.
1388 309 1548 349 Memini
1567 319 1712 357 tamem·

442 359 580 398 alicubi
597 373 656 398 me
669 361 794 412 legere
808 361 983 412 Sophistas
996 360 1067 399 dici
1080 359 1375 413 Pythagoreos3
1392 376 1472 414 quo
1496 364 1537 403 δι
1562 364 1622 404 hic
1649 378 1708 403 re-

443 411 532 465 spici
554 415 704 453 volunt.
721 415 817 453 Vide
835 415 911 451 Ἀλ.
927 426 1010 465 cap.
1029 429 1066 462 4.
1088 414 1244 454 SOLAN.
1262 414 1398 467 Neque
1440 416 1618 468 uidquam
1640 418 1709 456 irn-
1759 465 1764 471 ι

443 468 677 506 mutaverim
691 497 702 514 ,
716 479 840 518 neque
855 466 1121 519 Pythagoreos
1135 468 1394 508 intellexerim.
1437 470 1481 508 ed
1495 469 1623 509 iocum
1635 469 1710 510 effe

444 532 466 558 a
480 521 674 559 contrario
688 520 924 570 crediderim,
941 532 981 558 ut
994 521 1254 572 garrulitatem
1268 520 1528 574 Sophistarum
1544 524 1580 562 in
1595 523 1711 562 trans·

445 573 501 611 itu
526 585 674 625 tangat,
705 574 745 613 &
773 585 905 624 parum
929 575 1169 614 reverentiae
1191 575 1318 614 haberi
1339 574 1428 614 Diis
1446 576 1597 616 innuat:
1617 578 1707 616 dum

443 627 543 664 enim
565 626 701 665 Iovem
724 627 850 665 ubivis
876 627 1060 675 traducit,
1077 628 1207 679 quidni
1227 628 1267 667 δι
1291 627 1385 668 salso
1406 629 1480 670 hoc
1502 629 1709 669 scommate

444 690 531 717 eum
549 679 676 719 rursus
696 678 822 718 ludat?
841 680 902 718 De
928 681 1153 732 metaphora
1179 682 1268 729 hac,
1287 694 1402 734 quam
1425 684 1624 734 deceptionis
1639 697 1710 723 vo-

444 743 551 777 cant,
571 734 646 772 vid.
669 733 801 772 Eman.
819 733 1001 773 Thesaur.
1022 734 1140 773 ideam
1160 746 1318 787 argutae
1333 735 1516 776 dictionis.
1532 737 1677 776 RErrz.

498 788 569 824 ead.
584 788 605 824 l.
622 782 760 825 8.“Οτε
779 783 981 835 ἠπείλεις)
1008 785 1066 826 Ita
1086 789 1146 827 ed.
1171 790 1225 827 Fl.
1248 787 1291 826 Iu
1314 788 1384 829 Ms.
1398 788 1478 830 Ox.
1506 789 1548 829 δί
1575 789 1614 829 Ρ.
1641 791 1705 830 {rte

444 838 652 879 ἅπειλοίης.
667 840 711 879 In
726 840 876 892 reliquis
893 839 1034 880 ὁπόταν
1049 838 1217 890 horahim.
1232 841 1389 882 SOLAN.

499 895 577 932 ibid.
591 893 778 946 Ἠπείλῃς)
794 893 992 934 ’Hminem
1011 894 1179 935 GUYET.
1198 896 1316 934 Hom.
1340 896 1380 935 ll.
1403 901 1456 944 Θ,
1475 896 1706 937 18.SOLAN.

444 945 537 987 Noli
553 959 679 987 tamen
693 949 843 987 credere
855 977 868 994 ,
883 948 995 986 etiam
1011 945 1116 988 hored>
1128 963 1166 998 ῃς
1180 961 1229 988 ex
1248 950 1409 989 Homeri
1427 949 1519 989 loco
1539 951 1706 1002 probari.

444 1000 661 1054 Vulgarum
676 997 844 1049 ἦπείλῃς,
860 1001 963 1053 quod
976 1002 1056 1041 edd.
1071 1001 1232 1050 obsedit,
1247 1016 1325 1042 non
1339 1002 1707 1056 effugi1801anidni-

445 1057 632 1107 gentiam,
653 1068 702 1093 ex
727 1053 947 1094 Florentina
964 1056 1387 1108 corrigendum3quam
1412 1070 1486 1110 ego
1503 1059 1626 1110 recepi
1641 1072 1708 1097 an·
1747 1092 1750 1095 .

445 1119 484 1147 te
496 1138 508 1155 ,
524 1122 638 1161 quam
654 1107 803 1159 Guyeri
824 1109 1127 1148 emendationem
1146 1109 1326 1149 vidiss'em.
1347 1110 1473 1162 Quod
1489 1124 1616 1151 aurem
1632 1114 1705 1158 ait,

446 1175 529 1201 eam
544 1164 656 1202 etiam
670 1162 733 1201 ὅτε
746 1175 816 1215 pro
830 1161 975 1202 ὁπόταν
991 1163 1143 1209 habere,
1155 1162 1313 1202 fallitur:
1330 1176 1418 1203 nam
1434 1164 1577 1205 ὁπόταν
1590 1166 1705 1206 etiam

445 1216 601 1256 exhibet
614 1229 702 1255 cum
719 1227 805 1255 cett.
819 1215 892 1255 Sed
907 1229 1015 1256 error
1033 1216 1169 1256 calami
1182 1216 1236 1256 est
1250 1218 1286 1255 in
1299 1218 1383 1258 eius
1404 1230 1514 1263 nota,
1538 1219 1624 1259 inde
1641 1232 1708 1258 na·
1762 1259 1764 1262 ,

445 1281 532 1319 tus,
551 1270 655 1322 quod
675 1270 713 1308 in
734 1269 861 1309 collat.
884 1270 921 1308 in
947 1283 1064 1323 marg.
1089 1271 1118 1309 Ι.
1144 1270 1310 1310 instituta
1331 1282 1478 1311 tantum
1504 1271 1656 1325 signarit
1677 1273 1707 1313 ὁ.

447 1321 616 1364 ἠπείλεις
628 1325 679 1362 Fl.
694 1323 899 1376 Vulgatam
914 1324 1013 1364 enim
1036 1324 1145 1376 plane
1165 1323 1292 1364 falsam
1316 1325 1461 1378 patebit
1475 1326 1708 1376 attendenti,

446 1389 535 1417 cum
550 1376 811 1417 subiunetivus
825 1389 1071 1430 augmentum
1087 1378 1123 1417 in
1137 1378 1213 1418 hoc
1227 1390 1401 1430 tempore
1418 1391 1499 1419 non
1512 1380 1680 1420 admittat
1691 1409 1702 1428 ,

444 1430 507 1472 sed
530 1431 693 1480 ἀπειλῆς
717 1428 917 1471 dicendum
943 1430 1078 1471 fuiffet.
1104 1431 1273 1472 Florenr.
1288 1445 1386 1472 vero
1401 1432 1602 1474 leetionem
1619 1447 1710 1487 pro·
1758 1448 1764 1462 ⁸

446 1486 535 1524 bam
554 1484 627 1524 effe
640 1516 652 1533 ‚
666 1484 886 1524 testimoniis
898 1484 986 1524 nihil
1004 1486 1166 1538 indiget,
1178 1486 1322 1539 alioqui
1338 1485 1513 1527 afferrem
1530 1488 1650 1528 Hom.
1663 1488 1707 1528 11.

448 1543 503 1587 Ο,
523 1553 616 1591 ι79,
630 1538 797 1578 'Ha-‘remei
815 1537 983 1588 κᾴκεῖνος
1005 1539 1078 1580 &c.
1099 1539 1242 1579 Forsan
1261 1553 1385 1580 tamen
1401 1541 1564 1593 optativi
1578 1541 1704 1582 forma

447 1591 535 1633 usus
550 1591 664 1633 fuerit
678 1592 867 1632 Lucianus
879 1624 890 1640 ,
909 1603 952 1632 ut
964 1591 1017 1632 O.
1031 1592 1071 1632 δε
1088 1593 1124 1633 Ρ.
1146 1606 1234 1645 prae
1253 1593 1289 1633 se
1302 1593 1452 1642 ferunt;
1465 1593 1526 1635 sed
1539 1596 1632 1648 quia
1649 1596 1706 1636 Η.

446 1646 560 1688 1εᾶἰο
583 1660 605 1686 a
628 1647 785 1699 vulgara
809 1647 966 1699 propius
988 1645 1112 1693 abest,
1136 1660 1299 1700 eamque
1321 1648 1471 1688 minore
1493 1650 1706 1690 mutatione

446 1701 626 1753 corrigit,
647 1701 743 1740 hanc
757 1699 838 1740 sum
854 1700 1066 1753 amplexus.
1082 1699 1124 1740 In
1144 1700 1287 1742 ὁπόταν
1304 1714 1403 1742 vero
1422 1702 1513 1742 nihil
1534 1704 1706 1744 mutavi:

445 1767 536 1794 nam
549 1756 588 1794 δι
604 1754 653 1795 sic
672 1753 798 1794 rursus
810 1754 942 1794 deinde
955 1767 1038 1807 cap.
1058 1767 1101 1807 ¹9
1112 1768 1162 1794 m.
1177 1754 1320 1796 ὁπόταν
1342 1754 1446 1810 ὁρῶσι
1459 1755 1642 1798 τοσαύτην
1656 1778 1701 1788 -

447 1808 515 1849 τὴν
529 1807 722 1862 ταραχὴν,
735 1808 800 1847 ubi
816 1808 855 1847 L.
869 1807 969 1848 solus
982 1809 1093 1847 etiam
1106 1808 1182 1848 ὅτε.
1200 1808 1341 1849 Rmrz.

502 1863 592 1914 Pag.
610 1878 698 1915 239.
719 1863 742 1900 Ι.
762 1878 798 1911 4.
812 1861 1090 1909 Ἀκούσεσὲτοιι)
1116 1863 1190 1902 Hic
1215 1862 1343 1902 mirari
1362 1862 1457 1903 subit
1477 1863 1706 1904 Scholiastae
1761 1907 1764 1915 ¹

446 1916 659 1955 tarditatem
675 1948 683 1961 ,
701 1917 864 1969 quicum
881 1917 915 1954 in
930 1915 997 1956 suo
1011 1915 1156 1956 Codice
1167 1918 1398 1970 προῖκα-εσθαι
1411 1917 1553 1971 legisset
1564 1947 1575 1963 ‚
1593 1919 1704 1959 uti&
1761 1920 1764 1948 2

447 1969 482 2008 in
497 1968 577 2009 Ox.
590 1969 766 2022 scriptum
779 1969 846 2016 est,
863 1983 986 2022 neque
1000 1969 1176 2009 consulto
1193 1971 1284 2016 alio,
1300 1983 1425 2023 neque
1439 1971 1625 2021 tantillum
1638 1972 1706 2011 du·
1763 1977 1764 2001 3

444 2024 568 2063 bitans
591 2023 810 2076 scripturam
825 2022 1164 2076 depravatissimam
1181 2036 1342 2063 enarrat.
1367 2024 1475 2077 Quid
1495 2038 1517 2064 a
1536 2025 1602 2065 tali
1619 2024 1706 2066 Cri-

444 2078 522 2117 tico
537 2077 825 2130 exspedlandum
839 2076 906 2124 sit,
927 2077 1016 2116 hinc
1035 2076 1144 2117 facile
1157 2078 1350 2131 intelligas.
1365 2078 1523 2118 SOLAN.
1763 2124 1764 2131 χ

500 2133 572 2171 ead.
585 2133 607 2170 I.
620 2145 656 2183 9.
671 2131 935 2183 Κέκλυτέμευ)
950 2131 1108 2171 Homer.
1122 2131 1166 2171 ll.
1181 2137 1226 2173 Θ,
1243 2147 1274 2184 5.
1291 2132 1463 2183 illudlcev
1473 2145 1520 2172 ex
1532 2131 1584 2172 O.
1599 2132 1639 2172 δι
1650 2133 1708 2174 Fl.
1763 2160 1764 2165 =

445 2184 521 2231 est,
543 2185 609 2238 qui
624 2184 744 2224 Codd.
765 2187 877 2224 etiam
896 2186 1068 2224 reiiciunt
1082 2199 1146 2235 τε,
1164 2185 1248 2239 post
1261 2186 1422 2235 πάντες,
1442 2186 1503 2226 sed
1517 2186 1554 2226 in
1566 2199 1616 2227 eo
1629 2199 1706 2227 no-

445 2239 502 2278 lui
518 2239 666 2277 imitari.
684 2239 840 2278 SOLAN.

502 2295 574 2331 ead.
587 2292 610 2331 l.
629 2305 688 2332 10.
704 2291 1012 2345 Πεπαρῷὃηται)
1028 2291 1323 2345 inquinatiffime
1335 2293 1496 2333 antehac
1508 2293 1706 2346 legebatur

449 2345 744 2399 πεπαρῴνητοω,
770 2359 892 2399 neque
919 2347 956 2385 in
978 2345 1158 2397 impreffis
1180 2357 1352 2396 tantum,
1372 2346 1431 2386 sed
1459 2347 1499 2388 δι
1526 2349 1564 2386 in
1585 2345 1639 2387 O.
1664 2349 1705 2388 ἃ

450 2400 550 2440 Coll.
568 2402 605 2439 δι
634 2400 809 2452 Excerpr.
832 2401 988 2439 SOLAN.
1012 2400 1263 2453 Quamquam
1287 2400 1472 2453 παροινεῖν
1497 2402 1542 2440 de
1558 2401 1622 2450 iis,
1640 2401 1708 2453 qui

449 2454 644 2493 ebriorum
670 2467 776 2494 more
799 2455 1045 2503 bacchantur,
1062 2455 1212 2507 aliisque
1228 2455 1376 2494 molesti
1396 2455 1507 2500 sunt,
1522 2454 1624 2494 recle
1645 2455 1707 2494 hic

450 2507 578 2560 primo
590 2508 730 2549 intuitu
743 2508 892 2550 videtur
904 2508 1042 2549 dictum
1055 2523 1068 2558 ς
1082 2520 1208 2549 tamen
1223 2522 1312 2550 cum
1338 2509 1384 2550 de
1404 2521 1530 2550 metro
1551 2509 1612 2550 hic
1633 2508 1710 2549 ser-
