1764 3419
241 243 320 290 IN
354 244 503 292 PRO
536 242 1044 291 IMAGINIBUS.
1135 270 1138 273 ,
1184 265 1272 311 415

17 334 85 372 hus
97 333 255 384 expreffir.
270 332 341 372 Sed
363 331 489 372 sensus
508 331 681 384 requirit,
698 332 779 385 quin
797 332 832 370 δ’
846 331 1005 383 potiorem
1024 332 1103 383 ipsis
1120 338 1282 386 exprfft.

21 385 190 425 GUYET.
200 385 352 432 Atiam,
363 399 451 425 cum
461 385 597 435 ἀμείνω
611 385 897 433 restituerimus,
907 386 1170 424 emendatione
1179 387 1282 425 Mar-

20 440 158 479 ciliana
171 450 251 477 non
265 452 366 491 opus
379 438 445 478 est.
462 438 568 477 Patet
581 439 746 486 interim,
759 438 859 478 refle
869 451 958 478 eum
969 438 1180 478 coniecisse.
1195 440 1283 479 Sen-

22 491 68 530 sit
83 492 180 530 idem
196 491 387 532 Gesnerus
400 491 464 531 vel
481 504 530 531 ex
550 491 766 532 conieciura
778 521 790 538 ,
810 493 874 531 vel
886 504 934 531 ex
948 490 1056 530 lensii
1078 492 1195 531 Leelt.
1208 494 1284 533 Lu-

24 546 122 585 cian.
147 544 392 597 perspiciens,
407 546 714 598 comparativum
734 538 874 594 deesse,
892 545 1060 597 quicum
1075 547 1228 586 maiorem
1244 548 1283 586 in

23 597 201 638 versione
219 599 421 646 addiderit,
446 611 524 637 non
538 598 616 638 visa
629 599 895 638 emendatione
918 598 1065 645 nostra,
1088 599 1204 650 μείζω
1226 601 1285 639 νὶ-

24 651 140 690 detur
152 651 374 699 coniecifle3
398 651 551 704 reposui
570 661 694 691 tamen
705 653 878 704 potiorem,
892 662 936 691 ut
950 665 1038 691 cum
1051 652 1184 703 ἀμείνω
1199 667 1285 694 ver-

23 704 80 744 sio
92 705 328 745 conveniret.
356 704 497 743 Rmz.

71 758 239 809 1Pag.46.
253 759 276 797 l.
295 771 325 798 1.
340 757 493 797 Ἐκείνων
509 758 648 808 ἀμείνω
663 759 847 811 ἀπέφηνε)
871 757 970 797 Illud
989 758 1125 808 ἀμείνω
1137 789 1148 806 ,
1173 762 1282 812 quod

22 810 64 851 in
83 810 264 862 impreffis
286 810 364 850 fere
384 811 563 852 omnibus
583 813 734 858 deerat,
759 826 808 852 ex
821 814 893 852 W.
912 812 954 850 &
974 814 1027 852 Fl.
1047 812 1103 852 ed.
1120 813 1282 854 restitui-

0 866 2 933 ᾗ
20 877 118 903 mus.
143 863 300 904 Somn.

74 918 152 957 ibid.
168 915 353 970 Γλαῦκος)
369 917 431 957 De
444 918 499 956 his
513 918 602 958 vide
618 918 664 958 ad
675 918 743 971 Ἤρ.
755 931 790 959 c.
806 933 842 972 3,
856 919 897 959 δι
911 922 1061 973 Συγγρ.
1075 932 1108 959 c.
1127 933 1187 973 35.
1202 921 1280 961 Ad·

0 996 2 1028 i
21 971 68 1011 de
82 972 253 1012 διἘκκλ.
269 984 301 1010 c.
325 985 381 1010 12.
407 971 562 1010 SOLAN.

75 1027 151 1064 ead.
164 1026 187 1063 l.
199 1040 236 1072 4.
258 1022 505 1077 Ηῦἒοκίμουν)
528 1025 676 1065 Omnes
699 1024 784 1064 libri
807 1021 1032 1077 εὗὸοκίμουν.
1060 1025 1197 1078 Neque
1217 1028 1284 1068 hic

21 1076 145 1117 solum
162 1078 281 1118 bacin
299 1090 398 1118 voce
415 1091 602 1130 peccatur.
625 1078 781 1118 SOLAN.
802 1077 1043 1131 Εὖέοκίμουν)
1057 1079 1282 1131 Quantum-

25 1132 84 1170 vis
95 1131 258 1171 Solanus
272 1132 403 1171 iubeat
418 1129 541 1171 nssson.
563 1145 651 1173 cum
667 1144 875 1184 augmento
895 1133 1054 1183 reponi,
1069 1145 1143 1185 ego
1156 1145 1285 1175 tamen

21 1185 114 1224 nihil
125 1186 296 1233 mutavi3
319 1197 402 1224 tum
416 1197 571 1237 propter
585 1186 767 1225 librorum
782 1184 1018 1231 consensum,
1034 1197 1113 1225 tum
1129 1188 1220 1239 quia
1238 1189 1282 1228 δε

25 1236 136 1290 supra
151 1250 229 1277 non
240 1237 354 1278 semel
366 1239 529 1279 vidimus
538 1250 740 1292 augmenta
751 1238 932 1291 neglecta.
950 1239 1051 1284 Adi,
1062 1252 1161 1292 quae
1174 1253 1284 1282 nota-

24 1291 64 1330 vi
79 1294 124 1331 ad
139 1291 240 1331 Dial.
255 1292 472 1344 proximum
490 1293 604 1345 Imag.
619 1306 651 1332 c.
670 1307 712 1346 3,
727 1291 768 1331 δι
783 1293 896 1332 Alex.
914 1305 949 1332 c.
964 1305 1012 1332 22
1024 1321 1036 1338 ,
1056 1294 1121 1332 ubi
1143 1291 1286 1334 εὗὸοκί-

22 1358 113 1395 μουν
125 1346 239 1384 etiam
251 1346 397 1397 legitur.
409 1346 468 1385 Sic
481 1342 637 1398 εὑρίσκω
655 1345 780 1385 facere
792 1342 966 1399 εὕρισκον,
979 1342 1112 1398 εὕρηκα
1124 1346 1197 1387 &c.
1211 1361 1283 1390 nec

23 1399 195 1451 recipere
215 1410 459 1452 augmentum
474 1430 486 1448 ,
508 1400 595 1439 satis
616 1410 755 1439 notum
774 1399 846 1447 est,
866 1400 936 1438 alia
949 1411 1045 1440 vero
1070 1400 1283 1453 promiscue

23 1451 292 1501 inveniuntur,
311 1462 355 1492 ut
370 1450 595 1505 εὐφραίνοντο
616 1453 655 1492 δι
682 1449 929 1504 ηὖφροιίνοντο,
952 1453 1058 1506 quod
1076 1452 1189 1506 supra
1205 1457 1282 1495 iam

25 1507 171 1545 monui.
188 1506 313 1546 Immo
325 1507 363 1545 in
376 1507 496 1546 Novo
509 1506 677 1546 Foedere
687 1504 858 1554 εὸὃοκέω,
877 1518 1074 1560 nunquam
1086 1519 1176 1546 cum
1193 1522 1287 1562 aug-

26 1571 160 1599 mento
173 1559 272 1613 legas
285 1559 493 1599 exhibitum
508 1590 520 1606 ,
539 1559 602 1600 sed
621 1555 806 1599 misianum
831 1559 986 1612 ubique.
1015 1559 1070 1600 At
1082 1563 1199 1614 magis
1213 1564 1286 1603 At-

25 1613 143 1652 ticum
160 1613 213 1653 est
234 1610 318 1653 mis.
338 1613 440 1653 Esto.
469 1614 550 1654 Nec
563 1625 689 1653 tamen
708 1613 847 1652 Noster
867 1613 956 1653 alibi
980 1609 1262 1667 ὑπεραττικίζει
1275 1648 1288 1667 ,

27 1665 194 1719 ideoque
207 1680 286 1707 non
310 1667 372 1707 hic
388 1667 500 1706 etiam
517 1668 563 1707 ad
582 1668 619 1706 id
635 1679 721 1706 eum
735 1668 930 1719 adigemus
941 1668 1115 1707 invitum.
1139 1669 1286 1711 Rem,

81 1720 174 1772 Pag.
191 1735 255 1771 47.
269 1722 294 1760 l.
313 1734 342 1759 1.
358 1720 551 1774 Θερσίτην)
568 1721 727 1761 Homer.
737 1720 780 1759 11.
793 1725 816 1758 B
827 1751 839 1769 ,
856 1720 942 1760 216.
967 1721 1124 1761 SOLAN.

79 1777 154 1814 ead.
165 1775 188 1813 l.
206 1789 241 1813 2.
257 1774 422 1826 Νέστορα
436 1774 577 1827 φάναι)
599 1775 760 1813 Homer.
774 1774 816 1813 11.
832 1779 860 1813 A
873 1805 885 1823 ‚
908 1788 996 1828 250.
1016 1775 1173 1816 SOLAN.

79 1830 153 1866 ead.
165 1828 189 1866 l.
203 1842 240 1876 4.
262 1830 328 1867 Tim
346 1828 495 1880 Κροίσου
510 1827 585 1867 υἱὸν
609 1827 865 1879 ὀξυηκοώτερον
880 1826 974 1868 εἶναι
999 1828 1066 1867 τοῦ
1079 1829 1287 1879 Mandagora.

28 1879 113 1934 5¹05)
126 1882 247 1933 Atqui
259 1881 483 1921 Herodotus
505 1881 570 1920 lib.
587 1881 624 1929 1,
635 1881 651 1920 ὃ
663 1880 709 1920 δὲ
724 1875 932 1921 πωῐςοῖἳτος
953 1881 968 1920 ὁ
990 1882 1136 1931 ἄφωνος.
1163 1885 1287 1924 Vide-

27 1944 91 1974 tur
106 1935 233 1987 itaque
255 1946 322 1975 aut
342 1935 436 1974 alios
454 1934 606 1975 secutus
623 1934 798 1974 auaores
808 1935 1003 1974 Lucianus
1015 1967 1027 1984 ,
1047 1948 1116 1975 aut
1132 1950 1288 1978 memo-

26 1987 84 2028 ria
98 1988 132 2027 ei
147 1987 388 2028 vacillaviffe.
402 1989 504 2028 Nam
519 1987 666 2029 &infra
678 1990 716 2027 in
731 1988 846 2028 Gallo
856 2018 866 2034 ‚
880 1988 959 2029 five
974 1989 1156 2038 Somnio,
1171 1991 1295 2032 λυπεῖ

29 2040 91 2089 δὲ,
104 2042 241 2094 inquit,
254 2044 317 2083 τον
326 2043 395 2093 μὲν
407 2041 538 2090 Λυέδν,
551 2042 625 2081 υἱὸς
639 2045 754 2090 κωφὸς
767 2042 820 2081 ὤν.
835 2042 973 2095 Neque
985 2043 1121 2082 dixeris
1132 2046 1205 2084 hoc
1215 2045 1289 2084 Lu-

0 2132 1 2138 ,
29 2095 129 2135 ciani
140 2095 229 2136 loco
242 2096 379 2150 reponi
390 2096 493 2148 posse
505 2095 732 2148 λαλίστερον.
757 2095 963 2149 Repugnat
973 2097 1076 2135 enim
1085 2110 1288 2150 compara·

0 2195 1 2202 ἵ
29 2149 88 2189 tio
103 2161 190 2188 cum
204 2150 460 2202 Melampode.
482 2150 668 2189 MARcu..
682 2150 849 2189 Miratur
862 2150 1062 2190 Marcilius
1070 2180 1083 2200 ,
1096 2164 1198 2204 quos
1209 2152 1288 2192 Lu-

0 2238 3 2247 ,
31 2202 166 2242 cianus
175 2202 218 2242 stt
231 2203 381 2244 secutus
396 2202 572 2243 au&ores
581 2233 592 2250 ‚
606 2217 694 2244 cum
714 2202 839 2242 scribit
853 2203 889 2242 in
902 2203 1053 2257 dialogo
1065 2218 1138 2257 pro
1151 2205 1289 2258 Imagi-

30 2255 165 2305 nibus,
186 2255 320 2297 Croefi
341 2256 461 2296 filium
486 2257 614 2296 auditu
637 2256 713 2296 acri
734 2256 1015 2310 Melampodem
1039 2259 1299 2309 antecellere,

0 2301 3 2316 '
30 2321 120 2348 cum
131 2309 266 2350 scribat
280 2311 516 2357 Herodotus,
528 2310 634 2350 illum
648 2309 755 2350 fuiffe
769 2321 934 2357 mutum,
947 2323 1027 2350 non
1040 2310 1206 2351 surdum.
1217 2313 1290 2353 Sed

32 2375 108 2415 ego
127 2364 260 2410 miror,
273 2365 490 2404 Marcilium
510 2364 570 2404 hic
582 2365 748 2404 haerere.
770 2364 872 2416 Quis
892 2366 1058 2417 ignorat,
1073 2377 1201 2405 mutos
1212 2366 1286 2405 effe

30 2429 190 2469 quoque
203 2416 356 2458 surdos:
377 2419 496 2458 immo
504 2416 717 2457 surditatem
729 2416 802 2458 effe
813 2417 964 2458 causam
978 2429 1105 2458 mutae
1117 2419 1288 2471 linguae?

0 2500 6 2523 ,
32 2469 122 2522 Qui
136 2469 268 2511 surdus
280 2482 393 2514 natus
403 2471 456 2512 est
466 2502 478 2519 ,
492 2471 600 2523 loqui
618 2484 695 2511 non
710 2472 842 2524 porest.
854 2472 967 2511 Unde
978 2474 1078 2511 enim
1091 2472 1205 2512 sonos
1217 2486 1292 2516 vo-,

0 2560 7 2569 .
34 2535 126 2565 cum
145 2524 418 2580 literarumque
438 2524 648 2580 percipiat?
670 2525 839 2566 Fuerunt
859 2536 986 2566 tamen
1008 2525 1140 2567 nostro
1162 2525 1290 2567 seculo
