1764 3419
411 251 505 314 486
602 248 1474 299 ANNOTATIONES

336 376 340 379 .
411 339 534 380 Reae
550 340 778 391 producitur
791 339 949 379 secunda
962 339 1000 378 in
1013 338 1230 391 Σαρδάνιον.
1245 339 1292 378 Et
1303 337 1354 379 fic
1364 339 1461 379 bene
1474 338 1613 380 editum
1626 337 1670 382 in

412 393 552 433 Suidae
565 394 772 444 Σαρδάνιος
785 395 916 447 γέλως.
934 391 997 431 De
1007 391 1219 444 significatu
1232 393 1313 432 eius
1324 393 1518 445 proverbii
1529 395 1604 433 vid.
1618 395 1669 434 E-

411 446 554 486 rasmus
568 449 606 486 in
619 448 724 499 Risus
744 448 945 492 sardonius,
960 446 1001 485 &
1015 445 1170 490 Suidas,
1189 457 1237 484 ex
1259 447 1367 486 cuius
1383 447 1498 486 variis
1516 447 1666 498 exposi-

413 501 583 539 tionibus
603 501 697 541 hanc
715 499 885 539 addidisse
902 497 1108 545 suffecerit,
1131 499 1235 551 quod
1255 499 1401 539 dicatur
1416 500 1462 538 de
1479 500 1537 547 iis,
1555 501 1613 553 qui
1631 502 1670 541 in

407 554 544 607 proprio
567 554 668 592 exitio
683 555 798 592 rident.
815 552 887 592 Sed
910 552 982 591 huc
1002 552 1118 604 magis
1139 554 1321 592 convenit
1343 553 1569 593 Scholiastae
1590 554 1670 594 Lu·

411 607 529 647 cianei
546 606 664 645 altera
676 607 938 658 interpretatio
950 636 963 653 ,
981 606 1026 644 de
1040 606 1106 650 iis,
1125 605 1215 657 qui,
1228 606 1318 645 dum
1332 606 1441 660 lignis
1463 606 1566 645 senes
1585 620 1671 660 per.

413 659 564 700 cutiunt
576 688 588 706 ‚
603 659 774 712 adeoque
791 661 827 698 in
845 659 995 699 alterius
1008 658 1218 698 calamitate
1231 688 1241 705 ,
1264 660 1393 699 rident.
1418 660 1562 699 Rtrrz.

466 713 501 750 in
523 714 636 752 Schol.
653 713 714 752 col.
735 726 766 752 1.
778 714 800 751 l.
824 726 855 752 1.
867 711 988 764 Σοιρὲ.
1005 722 1092 766 γελ.
1106 712 1122 764 )
1137 711 1370 765 Complures
1384 713 1494 753 huius
1509 724 1674 765 prover-

413 764 466 804 bii
482 767 815 818 interpretationes
829 766 903 805 vid.
918 771 1017 818 apud
1029 765 1129 805 Suid.
1146 778 1258 818 quem
1271 795 1284 813 ‚
1296 767 1384 819 quia
1397 767 1458 806 hic
1470 766 1670 818 prolixior,

413 818 619 859 describere
633 820 774 868 nolim3
797 819 855 858 sed
877 820 953 858 vid.
967 832 1045 858 not.
1064 818 1108 858 ad
1122 819 1278 859 Lucian.
1293 832 1450 860 textum.
1469 820 1614 860 Rsrrz.

467 873 544 911 ibid.
561 873 581 912 l.
599 874 633 912 6.
653 874 705 912 Δὲ
723 872 852 924 φησὶν)
873 874 1064 913 Accentus
1075 872 1233 911 enclitici
1254 874 1361 913 verbi
1378 873 1429 914 fic
1439 872 1518 914 fere
1537 885 1674 926 perpe-

414 935 486 965 tuo
504 925 673 966 servatos
685 939 706 965 a
721 926 923 966 Scholiasta
934 956 946 972 ,
959 938 1038 965 non
1053 925 1163 965 semel
1181 925 1287 978 supra
1297 926 1511 966 observavi.
1524 927 1671 967 Run-

468 981 547 1018 ibid.
560 980 582 1019 l.
594 994 632 1030 7.
642 976 759 1032 Ἐτκ)
782 980 929 1019 Excidit
949 992 1142 1018 numerus.
1161 978 1317 1020 SOLAN.
1332 981 1561 1035 Suppleatur
1574 993 1674 1033 ergo

416 1046 465 1075 ex
486 1032 624 1078 Suida,
641 1034 707 1086 qui
727 1034 766 1082 0¹,
786 1034 808 1072 i.
830 1046 862 1073 e.
875 1047 947 1080 70,
967 1033 1077 1072 addit.
1099 1032 1246 1073 Rnrz.

469 1088 557 1140 Pag.
577 1088 661 1127 160.
678 1087 700 1127 l.
717 1101 750 1128 2.
766 1086 823 1134 Τῷ
835 1086 935 1138 μηρῷ
948 1082 1075 1139 εἶχον)
1088 1086 1144 1124 Τὼ
1153 1087 1253 1137 μηρὼ
1273 1087 1311 1126 in
1327 1086 1425 1127 dual.
1440 1086 1642 1128 maluissem
1654 1115 1670 1135 ,

414 1141 468 1180 ita
483 1153 523 1180 ut
539 1137 645 1194 εἶχον
661 1152 743 1180 tum
763 1139 853 1180 effer
875 1141 1037 1192 plurale;
1060 1139 1119 1179 sed
1143 1152 1297 1193 propter
1316 1139 1532 1180 adiunaum
1553 1141 1671 1180 νουθε-

415 1194 587 1245 τούμενος
603 1207 681 1234 non
696 1195 794 1233 licet.
810 1194 887 1234 Alii
903 1193 1055 1233 mallent
1079 1194 1114 1234 ἐν
1128 1193 1182 1244 τῷ
1196 1194 1294 1246 amp&
1305 1224 1318 1240 ‚
1331 1193 1372 1234 8ι
1393 1193 1468 1235 hoc
1481 1205 1584 1234 certe
1595 1207 1673 1234 rne-

415 1248 498 1288 lius.
511 1249 658 1287 Verum
684 1248 774 1286 nihil
789 1260 900 1288 muto
923 1247 1000 1286 fine
1015 1246 1138 1287 Codd.
1163 1247 1398 1288 aucloritate.
1413 1247 1616 1288 Omittitur
1634 1261 1673 1287 e-

416 1303 495 1341 nim
518 1301 557 1341 &
581 1302 666 1341 alibi
683 1304 724 1339 τὸ
741 1302 790 1347 ἐν,
813 1313 855 1341 ut
871 1302 1031 1341 Homer.
1054 1301 1153 1340 lliad.
1176 1306 1219 1349 E,
1237 1301 1394 1354 137,⁰Ov
1407 1302 1455 1354 ῥέι
1473 1315 1518 1341 τε
1533 1302 1673 1353 ποιμὴν

418 1355 524 1410 ἀγρῷ
547 1356 609 1395 ἐπ’
627 1356 826 1408 εἰροπόκοις
840 1355 955 1395 bieco!
972 1354 1116 1405 Χροιὺση
1133 1377 1175 1384 -
1192 1355 1260 1394 ubi
1277 1361 1304 1395 ἂι
1335 1354 1381 1408 p&
1391 1354 1492 1396 valet
1507 1355 1543 1396 ἑν
1557 1354 1672 1409 ἁγρᾷῑ.

418 1410 472 1448 At
486 1409 511 1447 si
525 1411 609 1461 quis
628 1408 761 1448 Codex
779 1409 959 1461 praeiret,
980 1421 1058 1447 non
1073 1408 1280 1448 dubitarem
1303 1424 1340 1448 εν
1360 1409 1398 1447 in
1417 1409 1588 1450 Luciano
1606 1409 1673 1448 ad-

417 1464 516 1502 dere.
542 1462 666 1514 Supra
690 1464 800 1501 etiam
817 1463 849 1500 N
856 1463 962 1514 igrin.
979 1475 1061 1514 cap.
1076 1476 1124 1510 14
1138 1463 1175 1500 in
1195 1462 1266 1500 alia
1286 1462 1484 1503 locutione
1504 1462 1675 1502 similiter

418 1515 594 1556 omilium
609 1515 661 1556 est
676 1515 728 1562 ἑν,
748 1516 980 1569 legiturque,
1001 1514 1151 1563 rotatim
1165 1514 1294 1557 ἐσθῆτι
1309 1516 1507 1567 θεώμενος.
1519 1515 1561 1556 Id
1575 1528 1673 1556 vero

419 1571 558 1608 merito
573 1569 780 1622 suspectum
798 1569 850 1609 est
864 1569 1077 1608 Hemsterh.
1089 1569 1234 1609 REITz.

472 1627 545 1662 ead.
557 1624 578 1661 l.
597 1637 611 1661 1
623 1639 654 1675 5.
667 1623 893 1677 Ἐἒροιξοιτή
913 1623 1042 1662 Verba
1061 1623 1123 1663 illa
1142 1623 1174 1662 εἰ
1192 1622 1260 1661 τιῖιν
1275 1621 1364 1663 οἴκοι
1383 1621 1573 1675 ἐδράξατο
1586 1623 1674 1663 vul-

419 1690 474 1730 go
497 1687 702 1718 vertuntur
708 1680 744 1729 fi
759 1680 891 1717 domum
907 1677 1012 1729 suam
1037 1676 1240 1730 auficgiffet:
1258 1689 1359 1730 quae
1383 1676 1510 1717 verfio
1535 1689 1673 1730 quam·

417 1732 481 1769 vis
495 1732 558 1770 vel
571 1731 622 1770 fic
635 1730 718 1770 satis
730 1731 872 1770 sensum
887 1731 1073 1777 exprimat
1087 1761 1098 1776 ‚
1119 1730 1338 1782 neutiquam
1353 1742 1479 1770 tamen
1493 1729 1546 1770 est
1556 1742 1673 1770 accu-

418 1784 617 1833 ratiffima3
638 1798 763 1837 neque
783 1786 883 1824 enim
910 1784 1100 1838 ἐδράξατο
1128 1785 1185 1824 hic
1205 1785 1252 1823 ab
1276 1783 1470 1835 ὃιὸροὶσκω
1483 1783 1586 1837 fugio
1603 1785 1674 1823 de-

419 1838 633 1878 ducendum
655 1839 728 1884 est,
745 1839 761 1890 (
774 1840 865 1892 quid
889 1851 1055 1891 namque
1067 1838 1287 1889 ὃιέρέισκειν
1308 1837 1382 1877 τῶν
1406 1841 1492 1877 oiim
1517 1837 1674 1891 forest)

419 1894 740 1944 quemadmodum
757 1892 857 1932 forte
878 1892 968 1933 fecit
987 1893 1195 1943 interpres;
1218 1891 1344 1931 saltem
1363 1902 1407 1930 ut
1422 1891 1487 1930 alii
1507 1891 1674 1946 legentes

418 1945 457 1984 id
480 1945 638 1993 faciant,
665 1946 772 1987 facile
792 1945 859 1985 ista
883 1947 1195 1998 interpretatione
1221 1945 1352 1985 adduci
1381 1944 1628 1998 poffintrsed
1651 1957 1675 1985 a

420 1998 576 2050 Spo'vr‘rco
587 2001 753 2053 perfingo.
775 2000 967 2052 confiquor‚
980 2000 1143 2052 affiquor,
1157 2000 1262 2039 velut
1271 1998 1495 2051 spoifioeo’fieu
1510 2012 1577 2051 per
1590 1999 1674 2039 ἔοι-ιι·
1715 2027 1719 2031 Α

420 2054 634 2100 manfiestum,
653 2055 694 2093 &
716 2054 855 2105 ὃρόιξοιι
879 2067 945 2105 per
971 2051 1155 2104 κρατῆσαι
1179 2053 1385 2106 exponitur
1397 2053 1444 2091 ab
1461 2051 1673 2105 Hesychio.

420 2105 483 2146 Est
498 2119 591 2159 ergo
606 2107 825 2159 Σράιξοισὲςαι
841 2107 910 2146 τῶν
931 2107 1019 2146 οἴκοι
1031 2137 1041 2152 ,
1055 2106 1256 2147 familiares
1269 2106 1359 2145 suos
1371 2105 1572 2159 consequi,
1584 2105 1675 2147 affe-

420 2161 500 2211 qui.
513 2160 569 2200 Ita
581 2161 765 2200 Anchiale
778 2161 961 2214 Nympha
977 2162 1076 2211 apud
1090 2161 1274 2213 Apollon.
1289 2159 1417 2199 Rhod.
1433 2159 1476 2206 1,
1492 2174 1507 2199 1
1522 2174 1534 2198 ι
1544 2173 1607 2214 30,
1620 2161 1677 2199 di-

420 2215 522 2253 citur
536 2213 666 2255 idaeos
681 2214 875 2266 Daciylos
888 2214 1065 2268 peperiffe
1088 2214 1306 2266 ἓροιξαμένη
1318 2214 1452 2265 γαίης,
1508 2214 1672 2266 prehensi:

421 2279 507 2307 terra
517 2283 533 2315 ,·
546 2268 610 2310 ubi
624 2269 712 2308 vide
727 2268 972 2308 Scholiasten.
992 2268 1157 2308 Invenio
1177 2268 1399 2320 ὃράξοισδοιι
1420 2281 1471 2319 ρο
1490 2279 1581 2307 trum
1605 2268 1674 2307 ali-

422 2334 505 2373 quo
519 2322 636 2361 modo
657 2323 771 2362 etiam
792 2336 863 2375 pro
876 2323 1042 2375 affiblare,
1056 2325 1197 2375 studere,
1212 2322 1466 2363 Callimachus
1479 2321 1676 2375 Epigram-

423 2374 573 2417 mateI:
591 2374 704 2415 Ταῦτ’
730 2376 818 2416 ἀΐων
839 2377 853 2415 ὁ
871 2377 984 2428 ξεῖνος
1011 2376 1192 2426 ἐφείσατο
1217 2377 1378 2428 μείζονος
1403 2375 1500 2414 οἴκου
1519 2374 1673 2426 Apicia-

421 2433 534 2476 σθαι,
548 2430 697 2470 παίδων
710 2430 861 2470 κληὸόνι
873 2431 1095 2480 συνθέμενος.
1109 2431 1234 2469 Vertit
1249 2430 1481 2470 Vulcanius:
1496 2430 1570 2469 His
1569 2430 1678 2481 fimul

424 2484 551 2523 audiris
566 2484 706 2524 maiores
724 2501 872 2537 quaerere
880 2485 997 2537 census
1010 2486 1171 2538 Destitit,
1191 2486 1225 2524 6·
1241 2488 1382 2535 puerzim
1402 2485 1572 2536 confilium
1585 2483 1674 2523 am‘·

421 2539 508 2590 pair.
522 2538 627 2580 luis.
646 2539 745 2582 Vide
758 2539 930 2581 lensium.
943 2539 1058 2581 Conf.
1073 2539 1173 2582 infra
1191 2545 1328 2586 Φιλοπ.
1343 2552 1423 2594 cap.
1441 2554 1504 2581 22.
1516 2539 1674 2583 sormi
