1764 3419
418 233 508 286 ςῳ
605 213 1476 263 ANNOTATIONES

413 321 555 363 poeus:
569 309 723 352 breviter,
737 307 826 345 nihil
838 306 950 347 aliud„
963 319 1063 357 quam
1077 304 1113 342 in
1126 303 1313 355 universum
1326 320 1388 343 nos
1402 320 1469 343 non
1481 304 1560 356 ff;
1570 316 1672 357 quae

411 362 563 415 quidem
590 360 734 412 singula
754 360 853 398 unde
875 358 1053 410 colligat,
1080 356 1294 409 praesertim
1322 359 1485 408 primam
1506 371 1643 398 vocem
1657 387 1674 406 ‚

411 428 492 456 non
506 415 632 454 video.
646 414 779 465 Itaque
792 409 1015 451 Benediftus
1033 409 1164 450 omissa
1181 410 1256 458 illa,
1268 411 1354 448 nihil
1367 411 1478 456 aliud,
1490 425 1590 462 quam
1607 426 1672 450 nos

412 485 480 509 non
492 468 568 521 effe,
582 470 702 506 diceas.
715 466 834 517 Atqui
848 464 924 516 ipse
939 463 1072 503 auEkor
1087 463 1127 502 ὃ(
1141 475 1242 502 nunc
1258 464 1296 501 &
1312 463 1348 500 in
1363 464 1549 515 principio
1564 463 1674 502 testa-

412 535 474 562 tus
488 522 540 561 est
553 551 564 567 ‚
587 520 704 559 multa
719 519 765 557 ab
781 531 830 558 eo
848 517 946 556 dieta
960 515 1034 556 effe
1049 517 1093 555 de
1110 516 1361 567 providentia.
1377 515 1525 555 Rursus
1538 515 1565 554 si
1578 516 1671 556 nihil

413 575 512 615 aliud
525 604 536 619 ,
555 586 666 625 quam
691 571 801 610 Deos
824 583 903 609 non
925 569 1019 617 esse,
1034 570 1151 614 dixit,
1166 581 1244 608 non
1264 569 1447 621 probavit
1470 570 1601 620 igitur,
1614 579 1672 608 at-

411 642 489 680 que
506 628 556 665 ita
572 625 661 664 nihil
684 623 879 676 profeciffe
900 624 1123 663 diceremus.
1138 621 1209 661 Sed
1229 634 1330 662 certe
1344 622 1383 661 &
1406 623 1587 674 probavit
1601 622 1673 661 sta-

412 692 499 719 tuas
515 679 620 718 fictas
632 678 678 717 ab
693 677 920 724 hominibus,
933 676 972 716 δι
988 675 1107 728 ipsum
1120 675 1254 714 Iovem
1270 673 1375 714 fuiffe
1388 676 1593 714 hominem.
1607 674 1674 714 Sa·

413 746 461 772 ne
476 746 608 785 parum
624 731 799 770 videntur
814 730 1011 782 percipere
1021 729 1254 769 locutionem
1267 728 1435 775 Luciam,
1450 729 1517 780 qui
1532 729 1674 775 innuit,

412 786 464 826 sic
481 799 569 825 eum
588 782 802 838 probaviffe
821 794 886 822 aut
903 780 1085 823 οὗὲενείαν
1111 781 1291 821 Deorum
1304 810 1314 828 ,
1336 792 1401 820 aut
1423 794 1502 821 non
1514 804 1530 811 -
1542 783 1675 834 provi-

413 840 575 879 dentiam
589 870 602 886 ,
613 853 680 877 non
687 837 785 889 secus
797 852 838 876 ac
841 838 878 887 fi
884 836 1024 890 prorsus
1039 851 1101 874 nos
1114 850 1181 874 non
1191 835 1341 886 effimus‚
1353 834 1477 874 dicens
1497 835 1674 875 homines

413 893 460 932 de
482 892 569 932 Diis
588 893 755 944 cogitare
772 890 908 930 debere
927 890 1018 929 nihil
1034 889 1154 934 aliud,
1172 901 1286 940 quam
1312 887 1340 926 fi
1356 889 1504 938 penitus
1520 901 1598 928 non
1617 888 1673 928 es-

413 946 505 985 sent.
516 945 659 985 GRON.
674 946 801 984 Locus
812 943 864 982 est
877 954 1092 995 corruptus.
1107 941 1158 982 Ο.
1174 936 1292 981 οὐθέν.
1305 943 1423 980 ἀλλὰ.
1436 941 1546 993 Quid
1562 954 1672 994 repo-

411 1000 581 1040 nendum
595 998 638 1038 fit
650 1028 663 1045 ,
684 997 775 1036 mihi
789 1009 866 1036 non
880 997 1012 1049 liquet.
1027 996 1184 1036 SOLAN.

468 1053 558 1105 Pag.
573 1065 659 1100 244.
673 1052 694 1090 l.
716 1065 748 1089 1.
762 1049 1104 1101 Ἐπεξελεὺσεσῧοιι
1120 1052 1163 1087 τὶ
1183 1047 1371 1100 σκέμμα)
1388 1047 1463 1087 Pro
1478 1047 1536 1087 his
1547 1047 1677 1088 verbis

411 1106 450 1145 in
464 1105 505 1145 P.
521 1107 562 1146 δι
575 1104 624 1145 O.
641 1102 909 1144 ἐπισκοτήσειν
922 1106 986 1143 τὶν
1001 1103 1126 1156 λόγον.
1142 1100 1214 1141 Sed
1229 1102 1322 1140 nihil
1333 1113 1438 1141 muta
1448 1131 1460 1150 ,
1481 1101 1523 1140 δι
1539 1100 1673 1144 confer

413 1166 514 1199 Διον.
535 1172 568 1198 c.
585 1173 622 1206 7.
639 1158 796 1198 SOLAN.

468 1214 541 1251 ead.
555 1213 577 1252 l.
594 1226 626 1264 3.
645 1210 737 1263 Παῤ
754 1205 910 1264 αὖτοὺς)
926 1209 971 1249 In
990 1207 1089 1249 Cod.
1109 1207 1190 1248 Ox.
1206 1207 1343 1248 lacuna
1360 1207 1413 1248 est
1425 1219 1498 1261 pro
1516 1206 1572 1247 his
1588 1219 1676 1253 ver-⁴

414 1265 483 1306 bis.
502 1264 661 1304 SOLAN.

465 1322 539 1358 ead.
554 1320 577 1358 l.
596 1332 608 1356 1
616 1332 651 1358 0.
663 1316 774 1367 Σφῶν
789 1312 931 1370 αὐτῶν)
943 1313 1139 1356 Gloffema
1150 1314 1312 1354 videtur.
1326 1313 1496 1354 Gom.

466 1375 538 1412 ead.
554 1374 577 1410 l.
597 1386 609 1409 ι
624 1368 830 1423 ι.”Ατιμαι)
843 1369 881 1409 Ρ.
899 1370 1095 1418 ἀτίμητα,
1121 1368 1180 1407 sed
1193 1380 1272 1407 non
1288 1367 1421 1420 placet.
1444 1367 1602 1408 SOLAN.

467 1427 559 1477 Pag.
579 1439 664 1477 245.
681 1425 705 1462 l.
722 1438 753 1474 5.
765 1424 823 1461 Ἐκ
835 1421 901 1462 τοῦ
915 1423 1050 1474 νόμου)
1067 1422 1247 1462 Formula
1269 1420 1439 1472 sequitur
1457 1423 1495 1460 in
1518 1421 1674 1461 concio-

413 1479 524 1518 nibus
535 1478 701 1517 adhiberi
714 1476 822 1515 solita
832 1489 844 1524 ;
858 1489 972 1528 quam
988 1476 1100 1514 babet
1111 1476 1251 1514 iterum
1265 1475 1373 1514 initio
1383 1475 1504 1514 Ἐκκλ.
1514 1474 1673 1516 SOLAN.

467 1533 545 1570 ibid.
560 1528 819 1580 Ἀνιστίιμενσι
834 1530 850 1582 )
867 1529 930 1569 De
952 1529 1081 1568 rostris
1100 1539 1167 1570 aut
1180 1527 1355 1581 suggestu
1368 1528 1459 1567 nihil
1472 1528 1531 1568 hic
1543 1528 1674 1576 audis;

413 1587 515 1626 unde
528 1585 720 1624 coniicere
739 1582 792 1622 est
803 1613 813 1630 ,
828 1595 909 1622 non
934 1581 1079 1636 semper
1101 1595 1145 1621 ea
1158 1582 1323 1621 adhibita
1334 1611 1346 1629 ‚
1361 1581 1422 1621 sed
1442 1581 1579 1622 stantes
1592 1591 1676 1621 tan-

415 1650 497 1680 tum
511 1638 716 1678 conciones
734 1635 909 1676 habuisse.
924 1636 1023 1674 Vide
1040 1635 1082 1675 &
1094 1636 1213 1674 Ἐκκλ.
1228 1648 1258 1675 c.
1277 1649 1309 1674 1.
1325 1635 1484 1674 SOLAN.

467 1695 541 1731 ead.
553 1693 576 1730 l.
594 1690 629 1730 8.
640 1691 794 1730 Τελείων
806 1689 919 1743 θεῶν)
930 1688 1004 1728 Alii
1020 1690 1095 1729 hoc
1107 1689 1212 1728 aliter
1225 1688 1448 1741 intelligunt.
1463 1689 1547 1741 Ego
1558 1688 1604 1728 de
1614 1701 1677 1729 ae·

415 1756 493 1786 tate
507 1744 785 1797 intelligendum
797 1773 810 1789 ‚
825 1755 874 1783 eo
888 1742 1118 1796 potiffimum
1131 1741 1306 1781 indu&us
1319 1741 1468 1790 censeo,
1481 1743 1569 1796 quia
1583 1755 1676 1796 pau.

416 1799 456 1839 lo
473 1799 576 1853 post,
595 1811 628 1838 c.
642 1798 713 1844 26,
734 1796 954 1850 Apollinem
968 1797 1086 1836 audio
1097 1827 1108 1844 ‚
1121 1795 1345 1836 sententiam
1360 1795 1448 1845 fibi,
1461 1806 1596 1848 utpote
1617 1797 1675 1836 iu-

417 1853 536 1900 niori,
554 1864 632 1891 non
655 1851 769 1891 licere
789 1863 861 1903 pro
884 1850 1073 1890 concione
1093 1850 1227 1890 dicere.
1248 1849 1383 1902 quue
1406 1848 1510 1892 sensu
1534 1862 1674 1890 vocem

417 1905 548 1960 paffim
563 1904 738 1957 usurpari
753 1915 902 1944 notum.
918 1904 1011 1943 vid.
1028 1903 1206 1956 Xenoph.
1231 1902 1383 1955 Cyrop.
1397 1903 1515 1950 V111,
1528 1917 1565 1956 p.
1582 1917 1650 1956 133
1657 1931 1673 1950 ,

422 1974 441 2013 3
453 1974 484 2011 5.
498 1959 594 1999 Plut.
607 1959 751 1998 τέλειον
766 1957 916 2008 ἱμάτιον
933 1970 1004 2010 pro
1025 1969 1104 2011 toga
1116 1957 1206 1996 virili
1220 1956 1374 2013 usurpat
1394 1957 1431 1995 in
1443 1957 1673 1996 Anton.Vi·

420 2014 466 2053 de
478 2013 589 2052 etiam
602 2011 784 2051 Nostrum
797 2012 915 2050 Ἐκκλ.
928 2024 959 2050 c.
976 2026 989 2049 ι
1008 2010 1048 2050 &
1067 2024 1080 2049 1
1091 2023 1122 2061 5.
1138 2010 1168 2050 F
1170 2008 1335 2049 aceffivit
1345 2019 1470 2049 tamen
1484 2010 1579 2050 haec
1590 2022 1672 2050 vox

418 2067 615 2119 negotium
637 2066 731 2104 viris
752 2064 865 2104 etiam
888 2063 1123 2105 doffiflimis:
1157 2065 1252 2103 inter
1275 2076 1374 2116 quos
1398 2062 1435 2103 S.
1460 2063 1602 2103 Petitus
1626 2064 1673 2104 de

417 2119 685 2160 emendatione
704 2131 819 2164 mox,
834 2128 877 2158 ut
898 2117 964 2166 fit,
981 2118 1187 2170 cogitavit,
1207 2129 1346 2170 nempe
1356 2127 1399 2157 ut
1419 2130 1520 2158 voce
1538 2130 1613 2157 una
1634 2118 1673 2157 in

416 2174 509 2213 duas
524 2171 712 2211 disiunfia
726 2184 798 2223 pro
813 2172 962 2211 τελείων
977 2171 1042 2210 fiat
1061 2185 1105 2210 τε
1121 2172 1236 2211 λείων.
1256 2170 1328 2210 Sed
1345 2170 1480 2210 frustra
1499 2170 1673 2211 sollicitat

415 2226 662 2278 scripturam:
687 2225 788 2265 reste
811 2225 911 2265 enim
935 2225 1057 2264 habet.
1080 2225 1218 2264 Τέλειοι
1235 2225 1311 2263 θεοὶ
1325 2224 1495 2264 Luciano
1516 2225 1542 2264 ii
1561 2223 1671 2272 sunt,

413 2280 552 2332 quibus
568 2292 635 2331 per
655 2290 818 2318 aetatem
841 2278 1046 2318 sententiae
1062 2278 1238 2318 dicendae
1257 2279 1316 2317 ius
1330 2277 1458 2330 fasque
1472 2277 1536 2317 est.
1559 2278 1674 2318 Ridet.

413 2334 518 2372 enim
534 2331 716 2385 quosdam
733 2331 842 2372 Deos
858 2334 963 2371 velut
978 2331 1073 2371 infra
1087 2332 1321 2372 Senatoriam
1333 2343 1506 2371 aetatem.
1523 2331 1570 2372 Et
1582 2332 1673 2385 quia

415 2399 501 2425 mos
515 2386 614 2438 apud
626 2385 869 2425 Athenienses
883 2386 1094 2431 obtinebat,
1109 2397 1152 2425 ut
1169 2386 1306 2425 nemini
1321 2385 1469 2437 triginta
1483 2386 1589 2425 annis
1601 2386 1672 2424 mi-

415 2441 501 2479 nori
518 2440 667 2493 publice
685 2439 814 2478 liceret
835 2439 980 2487 dicere3
1005 2440 1056 2477 ita
1071 2439 1112 2478 &
1132 2440 1227 2478 inter
1240 2438 1348 2478 Deos
1368 2438 1515 2479 silentio
1529 2451 1598 2478 eos
1611 2439 1673 2478 da-

413 2494 535 2533 mnari
549 2493 692 2544 voluit,
707 2494 775 2548 qui
796 2491 876 2536 five
889 2493 1075 2534 imberbes
1090 2493 1235 2544 adhuc,
1254 2491 1318 2535 seu
1340 2492 1414 2533 alia
1426 2492 1472 2535 de
1492 2491 1604 2534 causa
1623 2492 1671 2533 ad
