1764 3419
198 223 269 273 IN
311 223 552 273 LUCIUM
603 222 744 271 SIVE
788 221 1047 272 ASINUM.
1116 275 1119 277 ,
1177 228 1279 289 ’479

16 311 111 354 ver.
123 313 219 354 Hist.
234 327 268 353 c.
282 314 323 360 6,
336 313 377 353 &
391 312 539 365 Catapl.
555 325 586 353 c.
602 326 642 364 9,
664 312 729 352 ubi
745 311 908 352 Solanus
922 311 955 349 'td
969 322 1126 363 quoque
1138 309 1275 352 frustra

17 378 208 407 mutatum
223 367 360 407 voluit.
374 367 545 420 Alciphr.
564 366 728 406 etiamn
744 396 754 413 ‚
768 365 836 417 Ep.
854 379 867 402 1
878 395 887 411 ,
900 378 936 416 p.
958 363 1044 411 198,
1063 362 1179 413 ἑαυτῆ
1201 378 1275 417 pro

18 419 176 471 ἐμαυτῇ.
197 420 268 460 Sed
289 420 374 459 ibid.
389 420 510 472 Ep.4‚
525 433 561 472 p.
576 419 666 470 236,
684 414 798 458 αὐτῆς
813 419 935 470 legas,
957 417 1022 456 ubi
1046 416 1170 469 Bergl.
1185 430 1275 457 cum

16 473 132 513 Periz.
143 484 269 513 tamen
278 474 388 512 etiam
403 471 549 520 ἑαυτῆς,
563 473 676 523 idque
687 485 758 524 pro
772 470 951 519 ἐμαυτῆς,
966 470 1037 522 legi
1050 470 1192 509 iubent.
1206 471 1279 509 Be-

19 538 87 566 ne:
103 525 163 566 sed
176 525 293 566 οιὺτιῖς
306 525 430 565 forsan
440 526 481 565 &
493 527 542 564 ibi
554 525 749 564 sufficeret.
766 524 937 564 ‘ewra->5
948 525 1076 563 itidem
1088 536 1160 577 pro
1176 522 1278 573 ἧμᾶς

20 575 156 619 αὐτοὺς
168 580 220 620 est
232 581 267 618 in
283 594 303 618 2
319 580 384 631 Ep.
395 582 441 617 ad
459 578 634 618 Corinth.
649 579 686 617 X
697 608 708 623 ,
727 592 770 616 12
781 609 791 627 ,
805 578 843 617 &
859 577 985 630 paffim
1008 578 1045 616 in
1058 577 1106 616 N.
1123 577 1171 617 T.
1185 576 1279 617 aliis-

19 645 117 686 que,
136 646 235 685 quos
250 633 390 672 omitto
410 631 539 672 sciens.
568 632 714 670 Rmz.

74 688 147 725 ead.
161 687 184 724 l.
201 687 237 725 8.
256 686 460 735 Τυψαμένη
478 688 523 724 τὶ
544 684 757 737 πρόσωπον)
782 683 960 724 Pristinus
981 684 1166 737 interpres
1189 683 1278 724 satis

22 738 151 786 dubie,
163 740 224 778 illa
237 742 391 779 manibus
407 740 591 777 demulcens
606 751 709 791 caput
717 754 732 785 ;
749 751 835 777 cum
851 751 984 777 verum
999 739 1129 777 videre
1145 738 1282 790 potuis·

20 790 75 832 set
88 791 254 840 sensum,
277 793 302 830 fi
328 805 405 831 non
421 787 471 831 e'x
486 791 626 831 affeetu
651 792 832 838 dolentis,
853 803 956 831 certe
971 805 1017 831 ex
1035 791 1201 844 Apuleio
1227 791 1284 844 (s.

21 846 150 898 ponus
160 847 374 899 Appuleio)
389 858 482 884 mox
493 846 707 893 indicando,
718 847 783 897 qui
798 846 954 884 totidem
968 846 1111 884 verbis:
1126 861 1208 898 quae
1223 847 1282 884 ubi

25 913 76 937 me
88 901 230 950 primum
249 901 346 938 talem
365 899 534 950 adspexit,
550 898 834 952 percuffitflzciem
848 898 952 949 suam
972 899 1125 938 manibus
1139 899 1280 952 infestis.

24 950 96 992 Sed
111 965 188 992 non
204 953 294 991 libet
307 952 469 1004 fingulas
485 954 566 992 eius
581 952 837 991 aberrationes
852 964 1031 1003 repetere.
1057 953 1200 991 RE1Tz.

78 1008 152 1045 ead.
167 1007 189 1044 l.
209 1020 222 1044 ι
233 1020 267 1045 2.
279 1006 436 1058 Ῥᾴστη)
451 1004 506 1044 Ita
522 1006 668 1051 Aldina,
690 1006 727 1044 ni
743 1004 870 1051 fallor,
892 1005 932 1045 δι
947 1007 982 1042 V
980 1021 1030 1045 cn.
1043 1018 1214 1059 utraque.
1233 1006 1283 1047 In

25 1058 177 1112 reliquis
186 1059 295 1110 ῥᾴων,
305 1058 372 1098 nifi
386 1059 490 1112 quod
501 1061 534 1097 F
533 1061 556 1097 l.
571 1058 745 1098 mendose
757 1059 871 1098 habet
883 1058 1139 1111 ῥᾷονδοωκ.
1153 1059 1284 1114 Ῥᾴων)

27 1113 156 1152 Solan.
183 1114 258 1151 iam
279 1124 500 1152 correxerat
523 1112 659 1162 ῥᾴστη.
684 1111 756 1152 Sed
775 1125 929 1159 vereor,
951 1126 997 1152 ne
1018 1114 1130 1152 nimis
1145 1113 1290 1153 festine.

29 1165 155 1218 Quod
169 1166 270 1205 enim
285 1166 324 1206 δι
338 1167 509 1205 Aldinam
524 1165 573 1205 fic
586 1166 724 1205 habere
737 1168 867 1206 credat
878 1196 889 1213 ‚
904 1178 982 1205 non
994 1166 1076 1206 satis
1092 1168 1288 1220 intelligo;

28 1220 96 1259 nifi
111 1219 279 1260 Aldinam
296 1220 448 1259 alteram
460 1249 470 1267 ,
489 1220 537 1259 ab
550 1220 624 1258 alio
638 1220 813 1258 collatam
827 1218 1015 1271 significet.
1036 1220 1133 1259 Nam
1148 1222 1235 1259 Αἶά.
1254 1234 1288 1261 ι.

27 1286 145 1326 quam
156 1272 233 1326 ipse
247 1272 435 1319 consului,
447 1286 534 1312 curn
549 1273 702 1325 reliquis
722 1273 901 1312 omnibus
914 1273 1025 1312 habet
1037 1273 1142 1321 ῥᾴων.
1164 1273 1291 1326 Quod

30 1327 170 1380 probo,
185 1328 276 1379 quia
289 1326 330 1366 &
341 1326 392 1366 fic
409 1327 598 1379 Apuleius
613 1327 707 1366 Met.
720 1326 796 1373 111,
810 1339 894 1379 pag.
912 1340 957 1380 59
970 1327 1026 1366 ed.
1037 1326 1178 1366 Pricaei
1193 1344 1201 1366 :
1226 1329 1292 1366 Me

30 1381 205 1434 trepidatio
211 1381 320 1432 fimul
334 1381 369 1419 δ’
378 1380 550 1433 festinatio
565 1379 704 1432 ftftlHt‚
723 1381 757 1419 δ’
768 1383 938 1432 pyxidum
948 1381 1135 1432 similitudo
1151 1382 1290 1431 decepit.

0 1436 1 1472 l
30 1434 101 1473 Sed
113 1436 202 1481 bene,
225 1434 370 1474 facilior
381 1437 472 1488 quod
482 1432 726 1484 refbrmationis
742 1435 842 1473 huius
854 1436 976 1473 medela
984 1435 1190 1487 suppeditat.
1206 1435 1292 1474 Un-

0 1488 1 1500 ²
27 1488 75 1528 de
89 1488 249 1539 imitatio
266 1487 349 1528 satis
362 1499 529 1541 apparet.
540 1486 681 1527 Retrz.
697 1487 832 1536 Ῥᾴο-τπ
848 1500 978 1527 tamen
992 1489 1060 1527 Ms.
1074 1488 1246 1541 Reg.301
1257 1501 1293 1529 1.

33 1560 36 1561 ν
86 1542 176 1593 Pag.
191 1554 274 1591 147.
292 1543 363 1582 l.6.
379 1541 560 1589 Ἀληθινδν
571 1542 669 1590 zvar)
679 1542 767 1580 Vid.
782 1541 945 1581 omnino
957 1541 997 1581 L.
1014 1540 1102 1581 Bos.
1117 1543 1154 1580 in
1173 1540 1288 1593 Epist.

29 1595 51 1635 1
69 1593 196 1635 Thess‘.
210 1596 248 1643 Ι,
263 1609 301 1646 9,
321 1608 404 1648 pag.
421 1607 463 1634 21
475 1609 510 1643 1,
523 1595 655 1648 (quem
669 1595 883 1635 adeundum
894 1594 1108 1634 Hemsterh.
1129 1596 1293 1648 margini

34 1648 294 1702 adscripserat)
315 1649 379 1688 ubi
400 1650 429 1688 is
453 1649 588 1698 docet,
607 1647 740 1688 ἀληθὲς
754 1649 794 1688 &
818 1647 980 1689 ἀληθινὺν
999 1650 1154 1701 quidem
1177 1662 1294 1687 verum

35 1701 273 1755 fignificare;
301 1701 361 1742 sed
389 1715 469 1741 non
494 1702 706 1755 promiscue
735 1701 880 1754 semper
902 1701 1084 1756 usurpari.
1111 1701 1292 1742 Ἀληθινὶν

37 1757 141 1796 enim
156 1756 262 1809 saepe
276 1755 367 1794 sumi
381 1756 426 1795 de
437 1769 502 1802 eo,
513 1756 619 1808 quod
631 1769 758 1796 natura
769 1757 807 1795 δι
821 1772 931 1794 revera
944 1757 1010 1804 est,
1026 1756 1130 1809 quod
1142 1756 1294 1803 dicitur,

40 1809 81 1850 δι
97 1810 308 1863 opponitur
313 1810 452 1861 fibliae,
476 1820 519 1849 ut
533 1810 594 1850 hic
611 1809 688 1850 ’όνος
707 1809 892 1856 ἀληθινὸς,
915 1823 958 1850 ac
981 1811 1128 1850 duabus
1150 1811 1299 1863 paginis

39 1862 150 1917 post,
165 1863 259 1914 ῥὸἓοι
280 1864 438 1903 ἀληθινὰ
460 1864 533 1903 ὅτε.
555 1864 702 1903 Rmz.

97 1919 204 1956 ead.l.
218 1931 254 1966 7.
277 1919 487 1957 Δείσαντες
505 1916 559 1966 μὴ
574 1917 642 1956 τοῦ
663 1917 823 1971 χόρτου)
848 1917 937 1956 Non
958 1916 1080 1956 solum
1099 1916 1294 1969 zelotypia

42 1970 338 2064 {qlpilalpzorann
360 1969 421 2010 sed
442 1972 559 2010 etiam
572 1971 713 2010 invidia
728 1972 767 2010 δι
789 1970 1057 2011 aemulatione.
1078 1971 1193 2011 Arist.
1214 1971 1256 2011 L.
1272 1984 1295 2009 2

110 2035 158 2064 et.
218 2034 323 2064 oGN.

0 2118 2 2128 ,
98 2081 172 2117 ead.
183 2078 207 2118 l.
220 2078 256 2117 8.
271 2077 586 2132 Ἐπεισέρχομαι)
599 2078 636 2118 Si
650 2078 839 2117 dubitavit
853 2077 980 2122 Solan.
992 2091 1084 2117 num
1098 2090 1190 2117 vera
1205 2077 1299 2119 haec

0 2129 1 2135 ’
46 2130 182 2176 Ιεᾶἰο,
205 2132 338 2177 miror,
357 2144 426 2171 cur
438 2144 520 2171 non
537 2132 733 2180 indicarit,
760 2133 896 2171 iterum
911 2130 960 2171 s1c
972 2144 1180 2171 occurrere
1203 2130 1300 2170 insta

0 2176 5 2237 '¹
42 2184 126 2225 *hoc
139 2185 240 2224 Dial.
252 2198 284 2226 c.
298 2185 345 2238 38
359 2185 454 2224 med.
465 2185 589 2225 Immo
602 2186 801 2226 habuimus
814 2185 853 2224 δι
868 2185 964 2225 alibi.
989 2185 1060 2225 Sed
1073 2186 1182 2238 plura
1193 2185 1303 2224 adde-

0 2272 6 2286 ,
42 2251 92 2278 τε
101 2251 179 2278 non
192 2237 246 2278 est
258 2251 368 2291 opus.
389 2238 536 2278 Rmz.

0 2291 9 2355 ἑ
105 2294 177 2331 ead.
190 2293 213 2330 l.
232 2306 289 2332 12.
301 2292 351 2330 ’Ὠ
369 2291 434 2332 ⁷175
450 2292 591 2345 ἀκείρου
610 2292 757 2333 ταύτης
776 2292 1066 2347 περιεργασίας)
1093 2294 1130 2331 Ο
1147 2293 1304 2345 intempe-

0 2381 11 2408 ι
45 2346 170 2399 stivam
189 2346 276 2385 hanc
296 2347 536 2396 curiofitatem!
556 2347 812 2399 Περιεργασίαι
833 2360 912 2386 non
927 2346 1179 2386 meminialibi
1202 2344 1304 2397 apud

55 2398 251 2438 Graecum
278 2400 443 2439 melioris
475 2410 590 2439 notae
622 2398 839 2452 scriptorem
868 2412 1074 2440 occurrere
1086 2431 1099 2447 ,
1127 2400 1302 2451 quamvis

51 2453 345 2506 περιεργάζομαι
371 2454 529 2506 legatur.
549 2453 713 2506 Repone
736 2455 849 2506 ig‘rtur
868 2467 917 2493 ex
942 2453 1055 2493 MSto
1077 2453 1307 2506 περιεργίαις,

54 2504 224 2547 GRAtv.
247 2509 472 2561 Heptepyioes·
487 2506 525 2548 P.
538 2508 674 2557 etiam3
688 2508 774 2549 vide
786 2506 902 2548 finem
916 2507 1040 2548 libelli.
1061 2507 1218 2547 SOLAN.
