1764 3419
331 239 401 283 IN
435 238 650 284 IOVEM
682 237 1106 284 TRAGOEDUM.
1145 271 1150 275 .
1248 254 1336 303 539

84 332 212 364 utrum
232 323 463 378 Obsopoeus
481 325 646 365 omiserit
668 326 805 365 reffius
822 324 1005 365 secundae
1017 325 1125 366 vocis
1150 325 1337 379 interpre-

83 378 264 416 tationem
274 409 285 427 ‚
299 392 344 417 an
363 378 636 419 festinationem
648 379 750 418 suam
765 379 949 431 indignius
962 380 1165 432 prodiderit
1177 380 1337 419 Benedi-

83 430 182 475 etus,
196 443 275 469 non
289 431 373 471 satis
386 432 623 472 considerans
635 434 714 471 vim
727 433 822 476 eius.
845 434 884 471 &
897 433 982 472 ideo
995 434 1244 484 interpretans
1256 446 1337 471 ma-

81 482 118 523 le
135 484 344 536 praesentem.
367 486 463 524 Nam
481 499 603 539 aeque
626 485 795 536 praesens
808 486 958 525 futurus
977 496 1057 525 erat
1069 486 1286 530 Timocles‚
1306 486 1335 524 fi

81 537 274 576 advocato
287 537 356 577 suo
369 539 414 577 ad
426 551 554 578 aurem
569 539 737 578 adstaret.
752 540 926 578 Efficacia
940 540 1072 592 utique
1081 538 1251 579 Graecae
1262 552 1336 577 vo-

82 590 135 628 cis
148 589 262 641 longe
277 590 346 630 alia
365 591 405 630 &
422 593 544 631 maior
555 592 628 637 est,
652 593 691 632 &
705 591 789 631 satis
802 593 849 631 ab
866 593 957 632 viris
972 593 1093 633 doetis
1107 592 1309 645 explanata
1320 622 1336 639 ,

82 642 124 683 ὃ(
141 643 201 681 hic
220 644 307 683 ideo
320 645 512 684 difficilior
528 646 575 684 ad
585 647 870 697 exprimendum
891 647 1023 685 Latine
1034 676 1045 692 ‚
1059 647 1149 697 quia
1163 645 1239 697 ipse
1255 646 1334 684 Lu-

81 696 213 735 ciauus
227 709 292 749 per
306 696 504 749 sequentes
519 711 634 739 voces
646 698 687 737 <N
699 697 817 738 αὐτοῦ
829 712 910 738 eam
927 700 1118 752 explicuit.
1143 698 1262 738 Certe
1277 710 1336 738 ta-

80 762 167 788 men
184 760 305 796 notat‚
323 763 411 790 eum
424 752 465 791 &
483 762 614 804 aperta
633 751 725 791 facie
737 753 776 791 δι
792 753 868 791 fine
880 751 1130 791 fimulationis
1145 753 1336 791 velamen-

81 812 137 848 to,
163 803 201 843 ὅ(
219 805 376 856 proprio
391 817 459 844 ore
476 816 590 857 atque
602 807 754 857 ingenio
765 805 1055 853 differtaturum,
1068 817 1109 844 ut
1125 801 1218 844 αὐτο
1226 805 1336 857 πρόσ·

79 870 177 894 ωπον
200 856 342 896 κάλλος
366 857 402 896 ἱη
417 858 584 898 Timone
598 873 633 911 p.
647 860 697 908 76
709 859 765 898 ed.
776 859 933 898 Salmur.
949 869 1028 897 tum
1045 860 1097 897 ob
1110 859 1202 897 alios
1214 858 1334 910 respe-

12 915 16 922 “
78 908 176 955 stus,
190 919 271 948 tum
285 911 346 950 cui
362 911 588 962 προσωπεῖον
601 911 713 951 abest.
726 911 826 950 Infra
837 913 873 950 in
890 911 1007 952 Gallo
1018 912 1136 951 simile
1146 913 1332 959 occurrit,

78 957 204 1012 ὥσπερ
215 978 312 1003 ποτε
321 962 338 1004 ἦ
348 967 474 1016 φηγὸς
486 964 521 1003 ἐν
535 964 691 1014 Δωδώνῃ
704 963 914 1016 αὐτόφωνος
930 964 1169 1015 ἐμαντεύετο.
1182 965 1332 1005 GRON.

130 1018 204 1055 ead.
218 1016 240 1055 l.
256 1018 312 1056 16.
329 1017 598 1069 Ἐπινοήσομεν)
614 1018 749 1057 Codex
763 1018 840 1057 Ox.
854 1015 1116 1067 ἐπινοήσωμεν,
1132 1018 1331 1058 mendose:

74 1080 200 1121 neque
211 1070 311 1109 enim
326 1070 362 1108 id
373 1071 448 1122 agit
459 1102 470 1119 ‚
483 1081 525 1110 ut
539 1071 734 1111 confilium
748 1101 758 1118 ,
771 1073 875 1124 quod
890 1070 990 1117 rifit,
1004 1072 1150 1123 probet.
1169 1072 1328 1111 SOLAN.

128 1123 217 1173 Pag.
236 1123 322 1174 258.
337 1125 360 1162 l.
375 1138 411 1177 9.
430 1125 481 1163 Ἐν
499 1123 552 1174 τῷ
567 1125 686 1174 στενῷ
702 1124 899 1178 ἐχόμενος)
919 1124 1035 1164 Conf.
1051 1124 1165 1177 supra
1177 1126 1274 1163 dieta
1285 1125 1332 1164 ad

74 1187 107 1215 c.
120 1189 146 1224 4
160 1174 182 1214 f.
200 1175 240 1215 δε
254 1177 382 1216 credes
397 1178 596 1217 articulum
618 1179 731 1217 etiam
753 1179 812 1217 bic
832 1178 969 1217 reffius
989 1179 1139 1225 omitti3
1163 1178 1222 1217 sed
1239 1179 1332 1230 quia

73 1228 135 1267 hic
149 1229 301 1269 brevius
321 1243 493 1278 comma,
521 1231 740 1284 euphoniae
753 1231 865 1271 causa
884 1232 1068 1272 articulus
1080 1232 1229 1271 additus
1249 1244 1329 1272 non

74 1282 173 1321 adeo
193 1283 370 1335 displicet.
393 1285 537 1323 Rmz.

127 1337 202 1374 ead.
217 1337 239 1376 l.
256 1351 271 1376 1
284 1350 314 1388 ς.
327 1338 533 1390 Κολοφῶνι)
547 1337 645 1376 Vide
660 1347 741 1376 not.
760 1338 806 1376 ad
821 1343 901 1376 Δικ.
918 1350 951 1376 c.
973 1350 1005 1376 1.
1024 1337 1181 1377 SOLAN.

129 1389 216 1442 Pag.
241 1404 326 1443 259.
349 1392 372 1430 l.
393 1405 425 1430 1.
449 1390 641 1431 Ἁπάντων
656 1406 720 1440 μοι
741 1391 815 1431 τῶν
833 1391 1055 1442 χρησίμων)
1082 1392 1203 1430 Vates
1226 1390 1328 1431 enim

71 1454 174 1495 aqua
194 1453 284 1495 pota
304 1445 616 1484 vaticinabantur.
641 1445 740 1484 Vide
760 1445 910 1484 Tatian.
926 1458 990 1494 72.
1014 1444 1189 1497 Tripode
1211 1445 1330 1484 etiam

71 1508 172 1547 opus
186 1507 288 1543 erat,
313 1497 356 1538 &
372 1498 449 1537 aliis
464 1498 676 1545 nonnullis,
696 1510 861 1550 quarum
877 1510 962 1550 pars
988 1509 1012 1537 a
1037 1497 1182 1537 Nostro
1197 1510 1330 1538 recen·

71 1548 177 1588 setur
191 1549 330 1591 ‘Ha-tos.
344 1563 377 1590 c.
389 1566 424 1605 9.
445 1552 601 1591 SoLAN.

125 1606 199 1642 ead.
219 1605 241 1642 l.
263 1619 298 1652 4.
311 1604 561 1657 *Arangae-32
578 1604 636 1651 ἓὲ,
651 1604 681 1643 εἰ
695 1604 760 1643 καὶ
778 1602 945 1656 ἔμμετρα
963 1603 1138 1658 λέγοιμι)
1155 1605 1254 1655 Quae
1266 1619 1329 1643 ac-

71 1656 215 1708 cipietis,
226 1659 355 1710 etiamst
349 1661 423 1711 sint
433 1672 588 1712 concepta
599 1659 754 1697 carmine.
778 1658 813 1696 Ei
829 1658 890 1696 καὶ
905 1657 1072 1709 ἔμμετρα
1085 1659 1182 1696 enim
1199 1658 1329 1709 legen·

70 1711 159 1749 dum
173 1711 337 1758 videtur,
353 1726 424 1764 pro
438 1713 467 1751 εἰ
475 1713 528 1762 μὴ
543 1712 633 1762 ἑμμ.
645 1711 806 1750 Excusat
819 1711 868 1756 se,
882 1710 925 1756 fi,
941 1723 983 1750 ut
995 1711 1109 1750 ceteri
1120 1711 1201 1758 Dii,
1218 1712 1329 1763 pede·

70 1763 135 1802 stri
151 1764 324 1804 sermone
336 1778 413 1805 non
429 1777 569 1805 utatur.
594 1765 762 1805 GUYET.
781 1764 993 1816 Ἀνέξεσῧε)
1007 1765 1062 1803 Ex
1079 1766 1159 1803 edd.
1180 1769 1262 1804 Ven.
1284 1765 1327 1806 &

69 1817 142 1857 Ms.
153 1817 231 1857 Ox„
245 1819 337 1858 haec
352 1819 552 1870 scriptura:
566 1819 604 1857 in
621 1819 775 1870 reliquis
789 1817 1041 1868 ἀναδέξεσθε,
1054 1819 1116 1858 vel
1132 1819 1325 1869 ἀναέέξοι·

9 1871 21 1926 ,Α
72 1877 161 1917 σῦε,
173 1871 320 1924 legitur,
345 1873 448 1925 quod
462 1885 533 1912 nos
545 1873 795 1925 repudiamus.
814 1872 970 1911 SOLAN.
990 1871 1201 1924 Ἀνέξεο-ῧε)
1218 1873 1326 1911 Haec

69 1923 183 1963 leffio
197 1926 310 1964 etiam
324 1925 504 1978 adscripta
520 1936 601 1965 erat
617 1926 774 1978 margini
787 1927 844 1965 ed.
861 1938 966 1964 meae
979 1925 1261 1976 Hagenoanae3
1282 1925 1324 1964 δε

68 1978 159 2028 quia
171 1979 262 2018 Iunt.
278 1980 316 2018 δι
329 1979 380 2019 Ο.
397 1993 478 2019 eam
494 1979 711 2025 firmabant,
726 1992 811 2018 eam
826 1992 917 2030 prae
934 1979 1088 2030 vulgata
1102 1980 1236 2030 recepi.
1259 1979 1322 2018 Sic

68 2032 202 2071 deinde
215 2045 249 2071 c.
263 2034 324 2085 36,
340 2032 454 2072 ταῦτ’
467 2032 679 2078 ἀκούοντες,
698 2033 910 2086 ἀνέχεσδε;
924 2034 1100 2083 quamvis
1121 2033 1190 2071 alia
1212 2045 1325 2071 occa-

67 2084 186 2125 fione.
199 2085 274 2125 Etfi
287 2087 386 2125 enim
397 2085 636 2138 ἀναδέξεσθε
648 2086 707 2125 hic
721 2087 909 2125 vertendo
924 2086 1098 2137 recipietis,
1109 2086 1170 2137 (ut
1182 2084 1324 2125 Gesne-

68 2151 133 2178 rus
147 2139 314 2191 dederat)
335 2139 481 2178 sensum
497 2153 577 2179 non
596 2140 735 2178 malum
756 2138 908 2186 fundat3
934 2151 978 2177 ac
998 2139 1194 2192 Σέχεσῢοιι
1217 2152 1321 2191 quo-

65 2205 143 2243 que
157 2193 202 2232 de
210 2194 373 2232 oraculis
387 2194 544 2241 dicatur,
556 2203 598 2232 ut
615 2207 674 2245 ap.
688 2193 882 2245 Aristoph.
896 2191 946 2230 Pl.
963 2193 1026 2244 63,
1041 2195 1170 2244 Δέχου
1180 2194 1242 2230 τον
1254 2189 1321 2230 οἶν-

67 2246 143 2298 ὃρα,
157 2246 222 2285 καὶ
237 2250 301 2286 τον
320 2247 407 2298 ’όρνιν
419 2245 486 2285 τοῦ
498 2246 601 2286 Θεοῦ·
618 2247 779 2285 alterum
794 2256 920 2285 tamen
935 2245 1123 2297 praestare
1133 2275 1144 2292 ‚
1166 2244 1272 2284 facile
1282 2244 1320 2284 se

67 2299 245 2352 probabit
266 2300 436 2339 intuenti.
458 2300 642 2351 Guyetus
661 2313 759 2339 vero
770 2300 916 2339 leviore
930 2300 1144 2337 mutatione
1160 2311 1230 2349 pro
1253 2300 1319 2348 ἔμ-

0 2382 8 2394 x
63 2367 202 2404 μετροι,
221 2351 370 2406 ἄμετρα
384 2353 561 2405 potuiffet
575 2354 699 2406 legere
711 2383 722 2398 ‚
741 2366 865 2405 neque
881 2364 963 2392 tum
978 2364 1078 2403 opus
1099 2350 1219 2390 fuiffet
1230 2364 1318 2402 par-

64 2407 218 2446 ticulam
243 2408 461 2459 negativam
482 2409 520 2445 in
538 2407 798 2446 affirmativam
815 2418 972 2445 mutare.
996 2406 1084 2444 Non
1100 2404 1244 2456 possum
1260 2416 1318 2443 ta·-

65 2472 167 2507 men,
181 2461 272 2512 quin
287 2462 432 2506 addam,
455 2473 553 2513 quae
567 2461 608 2499 L.
624 2461 702 2499 Bos
720 2461 758 2498 in
775 2459 868 2499 Obs.
883 2459 975 2498 Crit.
993 2473 1029 2511 p.
1042 2459 1092 2496 66
1108 2457 1218 2509 super
1238 2458 1315 2496 hoc

63 2511 154 2559 loco
168 2513 293 2562 affert,
304 2515 356 2555 ait
367 2525 496 2555 autem
507 2531 515 2556 :
528 2514 664 2558 Insulse
674 2514 909 2567 interpretes,
919 2525 1088 2566 quorum
1102 2511 1195 2552 alter
1204 2539 1216 2560 ,
1230 2513 1320 2566 quod
