1764 3419
315 249 420 299 IN
483 247 1306 321 IMAGINES.1385

45 335 145 385 iere,
162 349 200 378 ut
217 354 272 378 eae
284 339 376 391 ipsae
400 339 495 379 nobis
511 351 590 378 ante
606 339 722 378 oculos
743 339 805 391 ff
822 339 1014 385 videantur,
1035 339 1070 378 G*
1088 339 1165 379 lu'nc
1177 341 1310 394 ἀγαθῷ

53 393 235 446 ζῳγράφοι
248 405 461 445 comparatur
472 396 568 445 apud
576 394 794 432 Athenaeum
806 392 848 431 L.
861 393 934 438 IV,
953 407 990 445 p.
1006 396 1069 432 ¹82
1081 394 1133 432 A.
1156 396 1310 448 Eumque

21 482 25 485 .
50 449 120 486 *τον
132 446 281 498 ἄριστον
292 446 365 486 τῶν
381 446 553 500 ’γραφέων
566 459 667 485 vocat
678 447 820 486 Lucian.
838 447 874 484 in
885 447 991 497 lmag.
1007 445 1042 485 h.
1056 448 1078 485 l.
1094 447 1175 486 Vide
1185 449 1313 499 &scri-

47 511 178 550 ptorem
196 501 286 538 vitae
300 501 500 539 Homericae
511 500 546 538 ιίι
558 500 726 550 opusculis
740 501 904 539 Galeanis
917 516 952 553 p.
965 514 1044 547 40¹·
1059 502 1147 540 Certe
1156 518 1223 541 non
1237 514 1310 541 tra-

51 555 104 590 dit
117 553 243 599 Cicero,
255 552 295 603 se
308 554 447 592 Homeri
460 554 684 604 piffiluramfiu
696 552 823 603 fizciem
833 555 955 604 picium
968 554 1039 592 vidi
1071 571 1086 592 e
1094 571 1111 602 ;
1135 560 1226 606 quod
1233 571 1311 609 per-

48 621 163 658 peram
177 607 299 658 cenficit
313 607 409 646 Gisb.
424 609 572 658 Cuperus
587 608 775 658 Apotheos
785 622 821 659 p.
842 622 889 646 ιο.
910 607 1054 646 REITZ.

106 662 179 698 ead.
195 661 218 699 l.
239 673 295 699 ιο.
316 663 356 699 Τι
369 659 446 699 τοῖς
461 661 648 698 Μενελάου
658 661 802 713 μηροῖς)
829 660 921 699 Non
942 660 1026 700 satis
1045 673 1243 709 accurate,
1266 675 1310 703 ut

50 725 100 751 ex
114 714 296 752 memoria
306 743 319 759 ,
335 714 550 752 Homerum
561 714 623 752 hic
639 715 806 752 advocat
820 714 963 753 auctor.
980 715 1117 767 Neque
1131 717 1233 755 enim
1248 718 1310 758 ille

47 765 189 806 sana&
202 767 348 818 integra
363 767 530 806 Menelai
550 767 698 806 femora
717 766 769 806 fic
792 766 986 815 describit,
1010 767 1069 807 sed
1092 769 1273 822 sanguine
1290 784 1311 811 e

48 820 225 868 vulnere,
239 822 342 872 quod
356 819 421 860 sub
433 821 585 859 baltheo
598 832 808 873 acceperat,
823 821 1012 860 defluente
1026 820 1189 862 foedata.
1200 824 1243 864 ΙΙ.
1258 832 1307 873 Δ,

53 885 148 920 140:
166 870 310 913 Αὐτίκα
328 873 367 913 5⁰
383 872 496 925 ἕῤῥεεν
511 871 612 924 αἷμα
634 874 845 920 κελαινεφὲς
862 875 903 925 ἐξ
919 873 1086 915 ὦτειλιῖς.
1112 875 1175 915 Ὡς
1194 877 1231 916 θ’
1246 878 1310 918 ὅτε

48 927 109 966 ’τις
125 927 316 974 ἑλεφά-ντοι
334 927 428 981 ’γυνὴ
441 928 577 977 φοίνικι
599 927 705 978 μιήνῃ
721 950 765 956 -
783 927 942 967 Ϊοῖοίτοι
956 957 968 977 ,
990 930 1175 978 Μενέλαε,
1195 934 1309 981 μιάν-

49 984 119 1020 θην
137 979 277 1031 αἵματι
296 982 414 1033 μηροὶ,
430 996 460 1018 κ.
480 996 517 1020 τ.
531 993 566 1019 λ.
595 981 722 1022 GESN.

103 1038 176 1072 ead.
193 1035 218 1074 l.
244 1048 298 1082 14.
325 1034 484 1079 Θηβιιῖος
502 1034 681 1088 ποιητὴς)
704 1034 889 1074 Pindarus
903 1030 968 1074 Ol.
987 1034 1056 1073 VI.
1085 1035 1157 1076 Sed
1172 1038 1310 1078 excidit

47 1085 147 1126 haud
159 1088 273 1127 dubie
285 1089 436 1141 aliquid.
454 1087 635 1140 Suspicor
647 1101 720 1140 ego
738 1088 949 1139 ἰοβλεφαρον
973 1087 1151 1140 scriptum
1178 1090 1283 1131 fuiffe
1297 1122 1307 1139 ,

48 1153 93 1180 nt
108 1140 194 1180 Ὕπ.
212 1141 282 1180 Eia.
303 1155 335 1181 c.
353 1143 411 1180 26.
435 1142 551 1193 Apud
575 1141 776 1181 Pindarum
793 1153 893 1181 certe
909 1141 1024 1181 πόθ’
1048 1144 1310 1199 ιοβὸο-τρυχον,

41 1195 113 1235 ,vel
128 1194 356 1245 ἰοπλὸκειμον
370 1195 530 1246 legimus
547 1196 568 1234 l.
585 1208 617 1235 c.
634 1209 682 1235 ex
697 1209 778 1248 quo
791 1193 896 1234 facile
912 1195 1120 1247 ἰοβλέφαρον
1143 1199 1309 1239 deduxe-

47 1249 112 1288 ris.
134 1249 264 1288 Unum
281 1249 430 1288 obstare
447 1251 597 1289 videtur
610 1249 701 1289 huic
721 1250 997 1296 emendationi,
1025 1251 1130 1301 quod
1153 1255 1309 1303 poetam

41 1301 170 1348 illum,
184 1302 355 1354 quisquis
368 1303 433 1350 est,
448 1304 493 1342 de
505 1304 662 1342 Venere
673 1302 860 1356 usurpasse
873 1303 971 1342 dicat
985 1316 1122 1343 vocem
1139 1305 1310 1355 ἰοβλέφα-

44 1370 114 1408 ρον.
130 1355 230 1395 Cum
246 1357 269 1394 l.
281 1368 314 1395 c.
332 1357 509 1396 Pindarus
522 1357 567 1395 de
580 1357 735 1395 Evadna
750 1357 941 1409 loquatur.
964 1357 1035 1397 Sed
1051 1358 1127 1397 hoc
1145 1359 1250 1406 leve,
1266 1360 1309 1399 &

45 1408 174 1449 forsan
192 1410 279 1449 alibi
293 1409 478 1450 Pindarus
490 1411 534 1450 de
549 1412 701 1450 Venere
715 1411 915 1462 usurparit.
936 1410 1090 1452 SOLAN.
1119 1412 1310 1453 Hefiodus

45 1463 85 1502 in
99 1464 220 1503 Scuto
234 1465 347 1504 Herc.
362 1478 400 1512 7,
415 1465 453 1502 in
467 1463 716 1516 descriptione
731 1464 958 1504 Alcmenae:
977 1463 1045 1504 Τιῖς
1065 1466 1129 1504 καὶ
1142 1467 1220 1506 ἀπὸ
1233 1466 1310 1518 κρῆ-

46 1520 126 1565 ῧεν,
144 1519 331 1569 βλεφάρων
353 1516 390 1557 θ’
407 1519 484 1557 ἀπὸ
509 1519 696 1558 κυανεάων
717 1517 812 1558 Τοῒον
829 1515 984 1559 οιιιθόἶόν
997 1533 1043 1558 τε
1064 1520 1308 1573 πολυχρύσου

43 1570 275 1623 ῗΑφροέίτης.
302 1571 430 1611 GESN.

100 1627 174 1664 ead.
188 1625 210 1663 l.
234 1638 292 1677 15.
314 1625 553 1678 ἶΙοβλέφιορον)
579 1625 633 1664 Ita
645 1636 865 1665 correxerat
879 1624 1005 1666 Solan.
1027 1625 1063 1664 in
1081 1626 1109 1666 I,
1133 1626 1180 1665 Et
1199 1625 1308 1668 facile

44 1692 108 1718 me
121 1679 255 1718 habuit
269 1679 611 1731 obtemperantem,
633 1692 756 1732 neque
770 1680 951 1732 cuiquam
965 1680 1119 1719 dubium
1137 1682 1220 1728 erit,
1241 1682 1308 1734 qui

43 1733 254 1773 contulerit
274 1745 305 1772 c.
321 1734 369 1772 26
385 1746 456 1784 pro
469 1733 587 1785 Imag.
601 1734 626 1771 f.
645 1734 709 1772 ubi
724 1733 846 1774 reae:
871 1730 989 1785 ἕτερος
999 1732 1045 1773 δε
1058 1748 1120 1774 τις
1131 1734 1310 1785 ἰοβλέφα-

42 1794 102 1839 ρον
114 1786 182 1827 τὴν
198 1786 411 1838 Ἀφροδίτην
425 1788 500 1834 ἔφη.
524 1788 670 1826 REITZ.

101 1844 175 1880 ead.
195 1842 218 1879 l.
242 1854 301 1892 17.
317 1839 368 1890 Τῇ
379 1840 506 1895 χρυο-νιΝ
523 1840 687 1893 Ἀφροδᾋ
707 1841 824 1880 Hom.
842 1840 886 1880 Il.
899 1844 942 1886 T,
964 1839 1052 1880 282.
1072 1840 1231 1883 SOLAN.

101 1895 194 1947 Pag,
206 1908 220 1932 1
233 1907 247 1932 1
257 1923 265 1932 .
274 1895 296 1933 l.
309 1893 532 1948 35‘A7rowoei)
544 1894 692 1934 Omnes
707 1895 788 1933 edd.
800 1906 887 1933 ante
903 1896 940 1932 S.
951 1894 1010 1935 hic
1020 1908 1141 1947 prave
1151 1896 1307 1938 ὃπᾶο-οιι

44 1947 246 1988 habebant.
263 1949 369 1988 Bene
379 1947 522 1987 factum
535 1979 545 1995 ,
569 1948 673 2002 quod
687 1949 853 1987 mutavit
865 1948 1102 1988 Benedictus.
1121 1950 1281 1989 SOLAN.

0 1999 1 2026 ³
103 2003 180 2042 ibid.
204 2000 364 2042 <Οπόσιιι
381 2002 542 2056 χάριτες
559 2025 602 2032 —-
618 2001 940 2056 περιχορεύοντες)
964 2003 1019 2042 Ut
1039 2003 1227 2043 Lucianus
1247 2004 1310 2044 hic

45 2056 218 2108 Χάριτας
231 2058 481 2109 περιχορεύειν
497 2056 605 2103 dixit,
623 2057 674 2095 ita
685 2057 891 2096 Anacreon
904 2056 1184 2108 περιπέτεσθαι
1197 2058 1245 2097 ,de
1258 2057 1311 2096 iis-

47 2110 148 2157 dem,
162 2109 240 2149 Od.
253 2110 425 2149 XXVIII
440 2122 449 2149 ε
472 2111 556 2162 Περὶ
576 2109 744 2164 λυγὸίνῳ
754 2106 942 2163 τραχήλῳ
956 2110 1116 2161 Χάριτες
1130 2110 1310 2151 πέτοιντο

47 2161 192 2205 πᾶσαι.
210 2163 250 2202 L.
265 2163 364 2202 Bos.
386 2163 554 2216 Alciphr.
569 2164 644 2213 Ill,
670 2177 702 2212 ι,
727 2163 820 2216 ipsas
833 2164 985 2203 Gratias
998 2165 1034 2202 in
1053 2164 1166 2203 vultu
1182 2165 1310 2205 adole-

47 2217 184 2257 scentis
196 2216 370 2257 saltantes
383 2215 513 2269 fingit,
529 2230 570 2256 ut
585 2217 720 2257 faciem
735 2218 939 2257 admodum
955 2217 1151 2270 pulchram
1171 2219 1309 2258 descri-

49 2271 137 2311 bat:
159 2273 203 2310 το
225 2270 269 2310 Se
289 2270 387 2320 ὅλον,
402 2271 474 2317 ait,
498 2268 691 2323 πρόσωπον
713 2267 851 2311 αὖα-αῖς
874 2271 1112 2325 ἐνορχεῖσῑᾶοιι
1129 2271 1218 2311 ταῖς
1229 2288 1309 2311 πιο-

48 2324 163 2378 ρειοιῒς
187 2322 307 2364 εἴποις
327 2324 372 2364 ἂν
394 2328 469 2364 τὰς
492 2325 671 2375 Χάριτας.
691 2324 763 2364 Sed
787 2325 848 2363 neci
871 2325 950 2364 τοῖς
970 2327 1116 2376 ’όμμοισι
1138 2330 1309 2378 χαρίτων

38 2377 279 2432 Ἰπεριχορεύει
292 2378 410 2418 senar
425 2391 473 2417 ex
486 2377 672 2418 Aristaen.
687 2378 796 2418 affert
812 2379 898 2417 ibid.
914 2379 1038 2432 Bergl.
1061 2379 1203 2418 Rmz.

105 2435 178 2471 ead.
191 2433 214 2470 l.
227 2446 264 2481 7.
283 2433 485 2484 Διϊπετὲς)
503 2431 618 2471 Conf.
629 2431 727 2471 infra
738 2433 894 2484 Ἰκοιρομ.
908 2446 939 2472 c.
957 2447 978 2471 2
994 2446 1050 2485 pr.
1072 2433 1230 2472 SOLAN.

106 2487 179 2524 ead.
193 2487 216 2525 l.
228 2500 265 2539 9.
279 2486 563 2539 Συνειλημένον)
577 2486 698 2525 Βιεξὶε
708 2486 746 2526 Ρ.
761 2488 844 2525 Ald.
857 2488 895 2525 δι
912 2489 993 2525 Ven.
1011 2497 1182 2538 utraque.
1198 2485 1242 2524 In
1253 2497 1310 2525 re·

51 2538 165 2594 liquis
182 2552 300 2590 prave
314 2540 617 2590 συνειλημμένον.
635 2540 793 2580 SOLAN.
818 2540 1085 2591 Συνειλημένον
1106 2539 1309 2593 legendum

160 2594 305 2634 Lucian.
332 2594 410 2634 Vol.
432 2593 497 2634 Vl.
996 2593 1026 2633 B
1042 2592 1067 2631 b
