1764 3419
429 243 517 291 534
613 214 1479 276 ANNOTATIONES

424 315 626 367 probarem
641 317 788 357 σπονὸά
795 332 822 356 ς.
837 315 908 356 Sed
923 328 1077 368 propter
1090 314 1278 356 Codicum
1293 329 1509 364 numerum,
1521 317 1560 357 ἃ
1575 316 1678 358 viro·

424 381 509 408 rum
525 369 724 410 όοξὶοτυιῃ
740 373 904 418 πομπὰς
921 369 1212 417 praeferentium
1225 369 1448 409 consensum
1459 400 1471 416 ‚
1499 372 1573 411 hoc
1585 372 1678 410 reci-

424 434 515 475 pere
529 422 609 462 sum
626 435 833 475 permotus.
849 424 897 462 V.
912 422 1031 463 Dion.
1044 437 1080 475 p.
1095 437 1170 474 279
1180 422 1230 462 A.
1249 422 1340 462 Plat.
1355 423 1401 462 de
1416 423 1513 476 Rep.
1528 423 1566 470 1,
1589 437 1675 477 pag.

431 488 499 528 571
519 477 569 515 Α.
596 476 743 515 RmTz.

480 531 554 568 ead.
572 531 593 567 l.
611 530 646 567 6.
664 526 738 568 Εἶτ’
754 529 789 569 ἐν
803 527 946 582 βραχεῖ
958 528 1047 578 ’ὄψει
1071 527 1378 582 κατα-γελᾶντοις
1391 528 1460 578 μὲν
1476 528 1563 568 τοὺς
1574 529 1677 570 ’Em-

425 580 587 634 κούρους)
600 584 761 621 Momus
778 586 823 620 ad
839 582 994 620 lovem:
1022 578 1091 621 εἶτ’
1112 581 1148 620 ἑν
1162 581 1308 634 βραχεῖ
1320 581 1407 632 ’ὄψει
1429 582 1678 637 καταγελῶ,-

427 648 499 673 τεις
509 636 575 682 μὲν
588 635 676 673 τοὺς
689 634 927 686 Ἐπικούρους,
938 635 1001 672 καὶ
1013 634 1285 686 Μητροδώρους,
1298 635 1363 673 καὶ
1374 635 1573 684 Δάμιδας,
1589 650 1679 688 κραι-

426 687 624 734 τουμένους
645 687 689 726 ἑὲ
702 717 714 733 ,
737 689 800 725 uoci
818 690 1172 736 ἀποσφαττομενους
1187 684 1254 726 ὑπ’
1274 683 1417 736 αὐτῶν,
1438 688 1526 728 τοὺς
1543 687 1677 737 ὑμετέ-

426 752 502 790 ρους
516 742 740 794 συνκγέρους.
753 741 996 781 Βεηεόὶξὶυεε
1015 742 1148 780 Deinde
1157 743 1246 779 brevi
1259 742 1384 780 videbis
1398 742 1564 781 irridentes
1583 743 1676 795 Epi-

426 807 538 839 curos,
553 791 778 840 Metrodoros‚
801 795 834 832 ἐ)
846 794 1033 841 Damidas,
1054 794 1219 886 viflffiue
1233 794 1450 846 &iugulatos
1463 797 1506 833 ab
1517 795 1598 848 ipsis
1606 811 1675 849 pa·

426 856 541 884 tronos
553 846 648 899 hosce
659 849 796 900 nostros.
820 847 934 898 Apud
952 847 1105 887 Latinos
1135 860 1204 886 ane
1216 848 1366 900 iugulare
1377 850 1602 899 adversarium
1620 849 1676 889 le·

427 897 548 950 gitur,
564 913 635 952 pro
648 901 693 939 ad
707 901 838 941 incitas
853 901 1031 952 redigere.
1057 901 1128 940 Sed
1141 901 1315 941 Graecos
1330 901 1375 940 ad
1393 901 1458 940 ista
1472 902 1538 942 has
1553 915 1674 945 voces

426 951 612 998 σφάττειν
629 954 670 993 &
682 954 945 1000 ἀποσφάττειν
960 966 1037 993 non
1052 954 1224 993 existimo
1239 953 1479 995 transtuliffe:
1496 954 1581 995 sane
1593 956 1678 995 nul-

426 1004 505 1043 lum
527 1008 744 1058 exemplum
765 1008 970 1046 memoriae
990 1007 1180 1047 succurrit.
1209 1008 1376 1049 Emenda
1400 1008 1478 1048 fine
1499 1021 1607 1048 mora
1625 1021 1675 1050 ex

428 1056 498 1096 Ms.
509 1060 570 1096 καὶ
584 1061 935 1111 ἀποφραττομένους
946 1058 1156 1100 ὑπἀὗτῶν.
1173 1061 1344 1100 Patronos
1366 1062 1459 1111 hosce
1476 1064 1602 1115 nostros
1619 1063 1675 1101 νὶ-

427 1115 508 1159 ἅοε,
528 1113 563 1150 6³
576 1128 614 1151 os
626 1115 672 1153 eis
685 1116 876 1167 obstruffum
888 1114 959 1165 effi.
983 1114 1079 1153 Nam
1101 1116 1352 1166 ἀποφράττειν
1366 1115 1418 1154 est
1434 1127 1479 1154 os
1492 1116 1675 1156 obturare

427 1165 660 1213 adversario,
676 1178 716 1206 ut
727 1180 773 1206 ne
785 1167 924 1206 hiscere
938 1167 1057 1218 poffit.
1069 1167 1205 1206 Pollux
1218 1167 1327 1213 VIII,
1345 1181 1405 1219 15,
1423 1168 1674 1218 ἀποστρέφειν

428 1217 494 1257 τὴν
506 1218 707 1272 γλῶτταν,
729 1220 985 1273 ἀποφράττειν
997 1223 1041 1259 τὸ
1060 1220 1191 1270 στόμοι
1209 1219 1368 1271 ἄμεινον.
1388 1221 1502 1261 Aliud
1515 1221 1568 1261 est
1581 1221 1675 1262 infe-

427 1271 505 1310 rius
516 1285 548 1311 c.
559 1287 623 1325 43,
635 1287 721 1313 cum
735 1274 874 1313 Momo
886 1273 1143 1325 intempestiva
1154 1275 1452 1327 interpellatione
1462 1276 1675 1317 obtunden-

427 1335 465 1363 te
481 1324 610 1371 Deos,
630 1327 799 1380 Iuppiter
812 1326 1070 1380 respondisset,
1090 1327 1142 1366 Σὺ
1158 1326 1254 1377 ῗιμοῖς
1269 1328 1536 1375 ἐπισφάττεις,
1551 1323 1578 1368 ἒ
1591 1328 1674 1368 Μεῖ-

425 1392 486 1432 με·
498 1379 601 1430 quod
614 1393 691 1419 non
704 1380 769 1427 est,
780 1393 815 1419 tu
828 1384 952 1419 maelas
962 1396 1035 1427 nos,
1049 1383 1179 1426 Mome,
1193 1393 1235 1420 ut
1248 1382 1491 1433 interpretes;
1506 1381 1565 1422 sed
1578 1383 1674 1422 Lati·

426 1431 468 1472 ni
483 1432 622 1480 dicunt,
632 1449 746 1473 enecas
756 1450 834 1478 nos,
844 1435 978 1473 Mome:
991 1445 1035 1473 ut
1044 1434 1251 1474 Terentius
1260 1435 1298 1473 in
1307 1435 1452 1475 Andria
1464 1435 1535 1482 IV,
1553 1449 1584 1483 1,
1601 1437 1673 1475 Cur

429 1501 478 1523 me
490 1501 604 1525 enecas
615 1488 635 1525 ἓ
656 1498 722 1526 aut
735 1488 856 1526 occidis
867 1503 943 1534 nos,
966 1498 1008 1526 ut
1022 1488 1160 1526 Horat.
1178 1488 1300 1527 occidis
1304 1488 1405 1541 saepe
1419 1492 1577 1540 rogando.
1600 1489 1671 1530 Sed

426 1539 465 1576 in
477 1538 552 1579 hoc
572 1538 653 1592 ipso
669 1541 823 1593 dialogo
838 1553 870 1579 c.
887 1554 930 1590 52
943 1539 968 1580 f.
989 1541 1063 1581 hoc
1081 1541 1240 1582 verbum
1256 1554 1305 1581 ex
1318 1542 1388 1582 Ms.
1407 1544 1671 1595 reponendum

426 1589 495 1636 est,
509 1590 578 1631 Mn
593 1597 671 1646 ’γάρ
685 1608 728 1635 σε
740 1594 861 1643 τούτῳ
876 1595 1042 1646 ὀστράκῳ
1054 1594 1279 1646 ἀποσφάξω,
1291 1609 1350 1647 ego
1364 1609 1394 1634 te
1409 1597 1473 1634 hac
1487 1598 1565 1649 testa
1575 1597 1672 1636 inter*-

419 1645 551 1697 ficiam.
563 1647 697 1698 Vulgo
716 1647 897 1700 frigidius,
913 1648 1146 1712 ἀποξροιὺσω.
1161 1647 1290 1688 Paucis
1304 1648 1474 1688 versibus
1484 1661 1590 1689 ante:
1615 1653 1672 1690 τὰ

425 1698 577 1737 Γάλλοι
595 1703 700 1739 κατὰ
713 1700 792 1751 ῥοῦν
804 1701 974 1751 φέρεται,
992 1715 1039 1740 ως
1051 1701 1096 1741 ἂν
1110 1701 1225 1755 τύχοι
1239 1698 1396 1742 ἕκαστον
1410 1703 1672 1755 παρασυρόμε·

425 1766 482 1792 ναι.
495 1752 633 1793 Melius
645 1753 715 1792 Ms.
728 1754 1038 1805 παρασυρίμενον,
1049 1767 1087 1793 ut
1096 1756 1234 1807 quaevis
1239 1754 1330 1806 fime
1341 1758 1498 1800 trahitur,
1512 1769 1534 1795 a
1550 1758 1588 1796 vi
1601 1757 1673 1797 flu-

424 1805 533 1844 minis
549 1805 697 1848 scilicet.
719 1807 1023 1859 Ποιρασυρὸμενον
1037 1809 1195 1860 pertinet
1210 1809 1256 1847 ad
1271 1805 1441 1849 ἕκαστον.
1464 1809 1535 1849 Sed
1553 1811 1592 1849 in
1606 1812 1648 1850 iis
1659 1840 1674 1860 ,

422 1871 523 1911 quae
542 1861 660 1899 modo
685 1860 988 1914 praecefferunt,
1005 1874 1082 1901 non
1098 1863 1225 1915 probo
1234 1862 1394 1902 eiusdem
1410 1863 1493 1902 libri
1508 1863 1672 1916 scriptu·

423 1925 504 1952 ram
514 1943 525 1960 ,
544 1926 643 1966 quae
657 1927 730 1966 pro
743 1917 817 1955 τὰς
831 1914 999 1955 σπονδῖις
1011 1917 1211 1965 πέμποιεν,
1235 1928 1326 1967 prae
1340 1915 1377 1956 se
1393 1916 1465 1956 fert
1478 1920 1553 1958 τὰς
1566 1933 1670 1967 πομ.

422 1969 502 2005 πᾶς
517 1971 714 2017 πέμποιεν.
727 1969 827 2007 Nam
839 1970 1016 2020 quamvis
1030 1982 1195 2021 pompae
1212 1970 1250 2008 δι
1268 1970 1343 2009 ludi
1360 1971 1396 2008 in
1407 1970 1587 2010 Deorum
1598 1971 1671 2012 ho—

422 2032 557 2059 norem
570 2020 865 2067 instituerentur‚
885 2034 1012 2061 tamen
1028 2025 1190 2072 πομπὰς
1201 2024 1372 2070 πέμπειν
1385 2036 1499 2062 nemo
1514 2024 1667 2068 dixerit.

420 2071 564 2112 Ibidem
577 2072 696 2113 statim
711 2076 751 2114 &
773 2075 822 2114 s1c
839 2087 928 2114 cum
946 2075 1015 2115 Ms.
1028 2076 1226 2129 legendum
1241 2075 1339 2116 ὥστε
1353 2076 1524 2128 ὑμέτερον
1544 2077 1590 2118 ὀὶν
1602 2078 1668 2128 εἴη,

420 2141 520 2178 quare
536 2129 709 2178 vestrarum
725 2128 802 2179 effer
813 2129 974 2181 partium,
987 2142 1065 2170 non
1089 2128 1276 2180 ἡμέτερον,
1297 2129 1488 2183 sequentia
1502 2131 1668 2172 indicant

418 2179 552 2225 verba,
562 2183 599 2218 in
611 2181 750 2232 quibus
762 2195 838 2221 non
854 2182 993 2222 damno
1003 2212 1015 2230 ,
1030 2185 1105 2222 τὰς
1121 2183 1257 2224 θυσίας
1271 2186 1546 2235 καρπουμένων,
1559 2187 1665 2238 quod

418 2233 457 2272 in
481 2233 563 2272 edd.
580 2233 710 2273 exstat.
732 2235 823 2274 Non
839 2235 987 2285 poffum
1013 2247 1139 2276 tamen
1165 2250 1246 2276 non
1266 2238 1451 2283 indicare,
1472 2239 1511 2276 in
1535 2249 1668 2279 vetere

415 2286 515 2326 libro
533 2286 661 2327 haberi
673 2289 745 2326 τὰς
757 2290 893 2328 θυσίαις
904 2290 1020 2338 μόνων
1034 2289 1278 2339 ἑστιωμένων,
1289 2293 1384 2332 vobis
1387 2291 1476 2342 solis
1486 2291 1664 2344 fhcrificia

417 2342 452 2379 in
466 2341 572 2392 epulis
588 2342 825 2380 comedentibus
833 2358 850 2390 ,-
869 2355 958 2381 cum
977 2356 1080 2383 nunc
1093 2356 1237 2395 partem
1253 2344 1322 2384 fibi
1335 2345 1529 2384 vindicent
1548 2345 1666 2385 sacer·-

417 2394 547 2439 dotes,
570 2405 713 2444 partem
728 2395 796 2447 qui
810 2395 1036 2436 sacrificant:
1058 2397 1149 2437 &id
1164 2400 1283 2451 magis
1296 2399 1451 2446 arridet,
1471 2401 1662 2452 genioque

415 2447 571 2488 Luciani
584 2447 637 2487 est
647 2449 947 2489 convenientius.
967 2450 1138 2491 GRAEV.

468 2503 539 2546 ead.
548 2501 571 2542 1.
580 2501 616 2548 8,
631 2500 1015 2566 ’Awopperroffe'rov5)
1028 2504 1082 2549 Ita
1090 2504 1232 2562 optime
1240 2504 1291 2548 O.
1301 2504 1342 2549 &
1351 2504 1393 2551 P.
1402 2505 1526 2552 etiam.
1535 2505 1662 2566 Quod
