1764 3419
452 239 545 287 5„
640 219 1516 275 ANNOTATIONES

501 314 578 352 ead.
591 312 615 352 l.
631 327 665 366 3.
691 312 902 361 Φιλοσόφου
921 311 965 349 τὸ
985 307 1155 362 χρῶμα)
1174 308 1342 349 Socratis
1359 308 1510 350 scholae
1529 309 1706 351 obiectus

450 367 573 421 pallor
585 367 631 405 ab
644 364 902 416 Aristophane
924 365 959 402 in
972 363 1151 402 Nubibus
1170 362 1323 415 pasfim3
1344 377 1382 402 v,
1402 375 1437 416 g.
1457 376 1494 401 v.
1513 376 1602 412 104,
1614 366 1707 403 τοὺς

448 421 648 471 ἀλαζόνας,
666 418 753 458 Τοὺς
780 417 1023 471 ὠχριῶντας,
1046 415 1134 456 τοὺς
1157 413 1419 457 ἀνυποδήτους
1439 416 1586 470 λέγεις.
1604 417 1705 457 Add.

453 489 470 515 1
482 489 496 514 1
510 488 555 513 10
570 474 645 512 διε.
660 473 788 511 stx.

504 530 576 567 ead.
594 529 616 564 l.
636 542 669 573 4·
683 526 778 574 Ἐμοὶ
792 521 1046 576 προσανάθου)
1062 522 1119 561 Ex
1131 522 1299 574 Tragico
1316 522 1417 562 haud
1430 522 1542 562 dubie
1553 521 1707 562 desum-

449 595 487 622 ta
507 582 599 619 haec
612 578 706 617 sunt.
723 578 880 617 SOLAN.
893 575 1106 616 Hemsterh.
1131 576 1170 614 in
1193 588 1307 628 marg.
1323 576 1559 628 adscripserat
1577 577 1707 615 viden-

449 636 538 673 dun·
559 633 598 671 L.
612 632 690 671 Bos
703 632 737 669 in
754 630 819 681 Ep.
834 631 879 669 ad
891 629 978 670 Gal.
1000 629 1039 675 1,
1057 631 1113 668 16.
1133 629 1168 668 Is
1187 642 1284 668 vero
1301 631 1346 668 ad
1364 630 1483 669 verba
1504 628 1710 681 Apostoli,

451 685 583 726 ἓιῖθέως
596 681 633 723 οὐ
649 684 919 737 προσανεθὲμκν
934 683 1042 733 σαρκὶ
1058 682 1120 721 καὶ
1132 682 1273 732 αἳματι
1287 713 1298 730 ,
1313 684 1386 729 ait,
1405 684 1505 722 reeh
1519 684 1555 721 id
1571 683 1707 734 Belgas

450 738 630 784 vertiffe,
648 752 680 776 te
705 741 781 776 rade
797 751 912 788 gaalz:
929 737 1120 788 eleganter
1144 737 1244 775 enim
1266 737 1611 788 προσανατίθεσῧαί
1631 749 1707 775 τινι

451 793 609 834 Graecis
624 804 760 831 notare
770 821 782 837 ,
801 791 904 843 quod
919 790 1058 829 Latinis
1069 791 1221 829 adhibere
1231 790 1374 840 aliquem
1388 791 1424 828 in
1438 791 1608 842 confifium
1620 820 1633 837 ,
1647 805 1708 828 ex-

447 861 569 899 ponere
587 846 690 885 alicui
709 860 869 884 arcanum
878 845 1004 896 suum,
1025 844 1060 882 δ’
1075 844 1181 896 fitper
1200 859 1236 882 eo
1255 843 1363 894 ipsun:
1378 843 1553 894 consulere.
1572 845 1632 883 Sic
1646 856 1706 895 ap.

451 901 605 940 Lucian.
628 900 665 938 in
681 899 765 938 Iov,
780 899 897 950 Trag.
915 898 950 937 h.
968 897 991 936 l.
1007 896 1087 947 ἐμοὶ
1103 896 1334 950 προσανάθου
1347 927 1360 942 ,
1373 899 1467 937 λάβε
1480 912 1531 946 με
1544 896 1709 946 σύμβου-

451 966 514 993 λον
528 955 644 993 πόνων
662 953 734 992 ἃς.
751 952 868 991 Aliud
889 951 1106 1002 exemplum
1131 963 1179 989 ex
1195 949 1376 990 Diodoro
1398 951 1509 990 habet
1524 950 1616 991 Gul.
1633 951 1729 990 Bu·-

450 1008 564 1048 daeus
579 1009 616 1046 in
631 1006 849 1046 comment.
862 1005 903 1044 L.
915 1004 984 1046 Gr.
998 1017 1112 1056 quem
1130 1004 1226 1043 vide.
1241 1003 1298 1042 Ex
1311 1005 1350 1042 L.
1365 1005 1449 1044 Bos.
1464 1004 1609 1043 Rerrz.

504 1061 612 1100 ead.l.
629 1073 659 1113 5.
678 1059 733 1098 Μὴ
759 1058 1039 1108 καταφρονήσῃς
1062 1057 1204 1097 οἰκέτου
1224 1057 1440 1110 φλυαρίας)
1466 1058 1523 1097 Ex
1544 1057 1711 1097 comico

450 1116 620 1156 desumta
633 1115 811 1153 videntur
825 1113 917 1151 haec
933 1112 1066 1150 ultima
1079 1111 1260 1150 Mercurii
1276 1111 1404 1150 verba.
1421 1111 1579 1150 SOLAN.

505 1171 578 1208 ead.
593 1169 616 1207 l.
631 1169 666 1207 6.
681 1167 750 1206 Ναὶ
764 1165 910 1218 πάτερ)
928 1165 1086 1204 Parodia
1103 1177 1154 1204 ex
1175 1165 1286 1204 variis
1299 1165 1459 1204 Homeri
1477 1165 1594 1211 locis,
1613 1176 1713 1216 quae

451 1223 493 1263 in
516 1223 704 1274 margine,
718 1233 791 1272 pro
811 1231 919 1259 more
935 1218 1066 1258 nostro
1078 1249 1090 1267 ‚
1108 1217 1238 1258 sedulo
1251 1219 1534 1258 annotavimus.
1554 1219 1714 1257 SOLAN.

453 1277 524 1317 Noai
537 1274 697 1326 ἷπάτες)
715 1275 874 1313 Homer.
890 1273 930 1327 ,U-
946 1278 977 1311 Θ
988 1301 1000 1320 ,
1017 1286 1077 1325 31.
1093 1273 1214 1311 Satan.
1230 1271 1307 1311 Nifi
1323 1273 1427 1324 quod
1452 1285 1526 1325 pro
1541 1273 1612 1310 Ναὶ
1634 1272 1713 1311 mi·

453 1346 520 1382 τες)
533 1344 591 1382 ap.
609 1330 726 1368 Hom.
739 1328 886 1380 legatur
899 1326 944 1364 Ὠ
957 1326 1096 1376 πάτερ.
1115 1324 1186 1365 Sed
1204 1326 1242 1365 &
1260 1326 1297 1364 in
1315 1324 1414 1378 seqq.
1431 1325 1502 1366 alia
1515 1325 1562 1365 ab
1577 1325 1712 1365 Lucia·

453 1397 507 1423 no
534 1393 768 1424 commutata
793 1382 830 1420 81
851 1381 895 1420 ad
922 1379 1137 1418 institutum
1158 1378 1265 1419 suum
1292 1379 1583 1420 accommodata
1602 1380 1713 1419 inve·

451 1439 555 1485 niet,
577 1437 645 1489 qui
661 1435 804 1487 reliqua
823 1433 999 1474 conferre
1018 1433 1196 1472 voluerit.
1212 1433 1354 1473 Rtlrz.

506 1493 581 1529 ead.
597 1491 618 1528 l.
635 1489 670 1528 8.
681 1488 864 1543 ’ξξαύὲὠ
880 1488 1043 1527 Homer.
1056 1486 1099 1526 11.
1116 1490 1143 1524 A
1154 1516 1166 1536 ,
1183 1487 1269 1540 363.
1284 1487 1442 1526 SOLAN.

507 1547 580 1584 ead.
596 1545 620 1583 l.
639 1556 695 1582 10.
707 1541 874 1595 Ὦχρος)
890 1541 1041 1588 Scribe,
1060 1540 1157 1580 utin
1173 1539 1243 1579 Ms.
1260 1540 1434 1589 habetur,
1450 1535 1574 1596 ἔχρος
1586 1540 1634 1581 se‘
1645 1555 1712 1581 σου

451 1595 531 1639 εἷλε
545 1596 716 1650 παρειάς.
729 1595 791 1635 Est
804 1609 851 1635 ex
866 1595 968 1635 Iliad.
984 1600 1023 1643 Γ,
1035 1608 1074 1635 ν.
1090 1608 1153 1647 35,
1167 1594 1231 1634 ubi
1242 1594 1294 1633 est
1311 1609 1392 1644 μιν,
1411 1597 1522 1648 quod
1537 1596 1711 1635 omnium

452 1652 507 1692 est
517 1650 686 1692 casuum.
701 1650 799 1689 Mox
813 1649 931 1690 scribe
945 1662 992 1689 ex
1011 1648 1194 1700 Euripidis
1205 1647 1342 1688 Oreste
1353 1677 1365 1695 ‚
1381 1643 1424 1688 ἰ’ἷς
1445 1645 1510 1688 οὖιι
1527 1647 1573 1688 ὅὶν
1588 1649 1713 1700 ἄραιτ’

453 1706 587 1760 ἄχθος,
603 1704 704 1744 Dein
724 1704 819 1742 idem
837 1702 993 1742 Codex:
1011 1705 1101 1754 πρὶις
1119 1704 1230 1755 χορὸν
1250 1704 1329 1756 ’γὰρ
1348 1700 1473 1743 οἰκεῖον
1493 1701 1593 1754 ἐρεῖς.
1613 1703 1714 1743 Mox

454 1756 554 1800 ὥστε
570 1773 627 1799 σοι
646 1755 1022 1811 ὑποθραματουργεῖν
1037 1757 1193 1808 exponit
1207 1768 1318 1795 vetus
1329 1755 1513 1796 Scholion
1528 1755 1712 1795 ineditum

452 1810 758 1866 ὑποτραγῳδεῖν,
774 1811 877 1865 quod
889 1811 942 1851 est
954 1809 1126 1850 versibus
1138 1809 1293 1861 tragicis
1304 1809 1544 1862 respondere,
1555 1809 1596 1849 &
1605 1809 1711 1863 quafi

449 1866 634 1907 secundas
654 1877 780 1918 agere.
801 1865 992 1905 Neutrum
1009 1864 1147 1903 horum
1168 1864 1377 1903 verborum
1392 1863 1532 1904 lexica
1550 1875 1713 1904 annota-

450 1933 552 1961 runt.
568 1920 740 1972 Iuppiter
753 1917 1016 1973 {grerpccyghsee
1030 1948 1042 1964 ‚
1058 1918 1110 1956 illi
1127 1929 1224 1956 vero
1240 1929 1318 1957 non
1332 1928 1509 1970 poterant
1520 1913 1715 1972 ὑποτραγ

451 1974 574 2025 ῳὲεῖν.
587 1973 760 2014 GRAEV.
774 1971 914 2026 Ὠχρός
934 1972 980 2011 τέ
995 1986 1061 2022 μιν
1081 1967 1160 2010 εἷλε
1174 1973 1353 2021 παρειὰς,
1372 1970 1426 2011 est
1447 1971 1488 2010 in
1509 1972 1674 2012 Homeri
1688 1972 1716 2012 l.

451 2041 484 2069 c.
497 2028 543 2067 τέ
557 2028 670 2067 etiam
683 2026 762 2066 edd.
777 2026 932 2066 Luciani
946 2056 955 2066 .
973 2037 1054 2064 non
1066 2023 1126 2063 5¹2².
1139 2024 1286 2064 ΚΕΗ-Ζ.

506 2082 585 2120 ibid.
601 2079 694 2132 Σου)
710 2078 810 2119 Cod.
833 2079 905 2119 Ms.
922 2077 1004 2118 Ox.
1025 2078 1065 2118 δι
1085 2089 1247 2132 utraque
1264 2080 1349 2118 Vm.
1372 2077 1486 2119 reae.
1501 2077 1656 2133 Reliqui
1667 2078 1714 2118 li-

450 2133 510 2175 bri
523 2149 579 2174 σε.
599 2134 757 2173 SOLAN.

505 2190 578 2227 ead.
593 2188 617 2228 l.
634 2200 691 2226 11.
709 2182 803 2239 Οὔκ)
819 2184 1004 2238 Euripidis
1016 2185 1134 2224 verba
1147 2185 1236 2239 quia
1252 2185 1414 2225 mutavit
1426 2185 1637 2233 Lucienus,
1649 2185 1714 2227 Io·

450 2241 492 2281 vi
519 2241 720 2293 adaptans,
744 2239 967 2279 adscribam:
992 2234 1069 2278 Οὖκ
1092 2237 1194 2280 ἔστιν
1216 2236 1322 2279 οὗέὲν
1345 2239 1479 2292 ξεινον,
1503 2236 1572 2289 {35⁹
1592 2239 1711 2281 εἰπεῖν

449 2293 556 2341 ἔπος,
572 2291 670 2334 Οὖὲὲ
693 2292 824 2340 πάθος,
844 2291 928 2333 οὐδὲ
951 2293 1122 2344 ξυμφορέι
1145 2289 1418 2333 Θεῆλατος”Ης
1441 2290 1505 2332 οῦκ.
1525 2293 1572 2333 ἂν
1592 2291 1713 2347 ἔροιτ’

450 2348 573 2402 ἇὶχθος
587 2370 632 2379 -
647 2346 832 2399 ἀνθρώπου
853 2346 978 2397 φύσις.
996 2347 1186 2387 Ultimum
1203 2345 1354 2386 versum
1371 2346 1508 2386 iterum
1532 2347 1650 2387 habes
1670 2348 1711 2387 in

450 2402 528 2442 fine
548 2402 631 2441 Ὧι.
650 2415 690 2440 ν.
716 2401 810 2448 1673
828 2401 893 2439 ubi
915 2413 986 2452 pro
1010 2400 1198 2453 ἀνθρώπου
1221 2399 1323 2440 reete
1342 2401 1482 2453 legitur
1503 2401 1712 2455 ἀνθρώπων.

450 2455 573 2496 Versa
590 2456 682 2495 haec
694 2468 714 2494 a
728 2453 917 2494 Cicerone
930 2453 1025 2494 sunt.
1040 2454 1139 2493 Vide
1157 2454 1354 2494 Muretum
1371 2455 1464 2494 Var.
1476 2454 1578 2494 Le&
1592 2453 1712 2502 vlu,

454 2510 515 2552 16.
530 2509 813 2563 SOLAN.,Haec
826 2508 956 2549 omnia
977 2520 1028 2549 ex
1045 2508 1218 2562 Euripid.
1233 2506 1402 2549 Orestel
1418 2509 1461 2550 δι,
1473 2509 1576 2563 seqq.
1589 2509 1713 2550 Solan-
