1764 3419
401 238 496 303 Am
602 229 1468 283 ANNOTATIONES

395 326 462 378 fias
477 325 534 378 est,
555 340 614 364 nec
619 326 657 378 fi
668 326 809 364 dilatare
823 325 911 363 ultra
929 323 1146 363 conditionem
1154 323 1266 374 fitam.
1292 321 1509 362 Secundum
1524 320 1663 364 Lucia&

401 392 493 419 num
508 380 661 426 diceres,
676 376 925 428 παραμετρεῖν
939 375 1070 416 ἑαυτὴν
1088 376 1203 424 οἰκείῳ
1216 376 1353 426 μέτρῳ,
1375 376 1391 428 (
1405 389 1476 428 pro
1492 375 1604 429 imag.
1623 377 1665 416 h.-

401 433 446 486 1.)
466 432 701 482 Ἀναμετρεῖν
715 430 845 470 ἑαυτὸν
861 430 1064 469 secundum
1079 428 1272 482 Aristoph.
1285 429 1348 468 Sic
1364 429 1425 467 ille
1442 430 1477 467 in
1492 430 1609 468 Avib,
1621 443 1663 482 p.

407 498 498 540 590,
511 484 588 524 Οὖκ
602 484 872 535 ἀναμετρήσεις
891 485 1030 522 σαυτὶν
1045 483 1167 522 ἀπιὼν
1181 480 1348 534 ἀλλαχῆ
1354 496 1366 529 3
1384 484 1467 520 Non
1483 481 1550 535 ips}
1564 495 1595 520 te
1611 497 1665 525 τες

404 540 543 579 metieris
565 540 642 576 hinc
661 540 774 576 abiens
796 537 897 576 alio?
916 535 1069 587 Μετρεῖν
1083 535 1151 575 τὴν
1175 534 1308 574 ἑαυτοῦ
1328 538 1437 575 σκιὰν
1455 536 1546 574 dixit
1571 536 1666 575 Plu-

403 593 522 632 tarch.
541 593 578 630 in
596 590 880 644 Apophthegm.
892 590 1033 629 Lacon.
1046 619 1055 627 .
1067 617 1095 628 ..
1120 589 1261 628 Horat.
1280 589 1400 628 Metiri
1402 590 1441 640 se
1447 589 1515 640 suo
1529 589 1666 629 modulo

406 661 448 685 ac
457 649 551 696 pede,
566 645 627 683 lib.
650 644 687 690 1,
710 644 776 695 Ep.
792 657 831 692 7.
843 665 888 672 —
908 643 1007 682 Hinc
1021 643 1269 694 proverbium
1285 643 1382 694 apud
1396 639 1566 691 Latinosj
1586 645 1666 682 Tuo

405 712 434 738 te
443 700 523 749 pede
537 698 657 736 metire.
684 697 915 748 Metaphora
931 695 1064 735 harum
1088 696 1327 735 locutionum
1348 694 1515 735 desumta
1541 695 1593 735 est
1614 695 1665 735 ab

405 753 464 798 iis,
484 752 541 804 qui
553 752 699 803 corporis
703 751 763 802 sui
769 753 936 804 staturam
952 765 1086 789 numero
1094 752 1215 802 pedum
1227 750 1415 788 metiuntur.
1436 749 1521 801 Qui
1537 749 1668 803 itaque

404 818 484 845 non
501 805 713 857 longiorem
728 803 763 843 se
780 803 883 848 facit,
902 816 1018 856 quam
1037 815 1172 842 revera
1186 802 1254 849 est,
1269 825 1313 832 —
1331 802 1391 842 ille
1404 803 1556 856 proprie
1571 804 1668 843 dicio·

406 871 469 898 tur
479 873 625 908 μετρειν
640 857 771 897 ἑαυτὶν
786 857 822 896 ἐν
838 854 958 905 αὐτῷ,
968 858 992 895 i.
1005 870 1036 896 e.
1050 859 1156 895 κατὰ
1167 859 1211 895 τὸ
1223 856 1356 908 μέτρον
1369 856 1435 896 τῆς
1446 854 1670 898 ἑαυτοῦἷνλο-

405 914 503 952 κίας.
521 912 606 964 Qui
620 924 715 950 vero
727 911 880 950 ridicule
893 911 1051 949 intendit
1064 910 1238 964 corporis
1253 909 1307 948 sui
1325 910 1480 949 modum
1494 940 1507 957 ,
1529 922 1571 949 ut
1586 923 1669 949 ma-

406 967 484 1013 ior,
497 978 611 1019 quam
627 965 690 1012 sit,
703 966 895 1004 videatur:
918 965 1084 1029 quicum
1102 963 1145 1002 sit
1164 962 1410 1015 βραχύτερος,
1423 961 1670 1015 ὑπερανατεί-

407 1035 511 1060 νεται
527 1050 538 1065 ,
562 1018 784 1070 ‘’ammosa-ti
806 1018 1007 1070 ἑπεγειρων
1022 1015 1166 1063 ἑαυτὸν,
1191 1018 1212 1056 i.
1226 1029 1258 1056 e.
1269 1017 1427 1055 brevioris
1438 1019 1590 1070 staturae
1592 1019 1643 1069 fit
1651 1025 1670 1063 ,ἴ

408 1074 556 1112 extendit
569 1071 608 1124 se
623 1073 658 1110 in
671 1072 824 1124 summos
839 1073 961 1124 pedes,
989 1081 1034 1110 ut
1049 1071 1206 1110 Lucian.
1229 1072 1267 1109 in
1291 1069 1406 1123 lma-g.
1427 1070 1616 1124 loquitur:
1636 1072 1669 1110 is

408 1140 489 1167 non
503 1125 626 1180 potest
640 1126 711 1165 dici
724 1125 870 1178 μετρεῖν
885 1123 1018 1164 ἑαυτὴν
1033 1124 1068 1163 ἐν
1083 1123 1203 1173 ἑαυτῷ
1219 1124 1292 1164 διο.
1313 1142 1335 1162 n
1357 1124 1506 1163 Rnrrz.

463 1181 554 1232 Pag.
566 1194 629 1233 49.
649 1181 672 1218 l.
688 1194 724 1229 7.
747 1179 873 1231 Τάχα
887 1178 905 1216 ὃ
920 1177 978 1218 νῦν
995 1178 1130 1230 φαίης)
1155 1178 1301 1230 Exigua
1317 1178 1527 1217 mutatione
1541 1176 1671 1230 legend

409 1236 503 1274 dum
515 1232 713 1288 τᾴχα,ἒὲ,
730 1234 769 1274 &
781 1232 831 1272 sic
847 1234 919 1271 iam
936 1232 1117 1271 dederunt
1134 1232 1368 1284 interpretes.
1378 1230 1505 1272 GESN.
1517 1232 1669 1271 Verum

410 1302 498 1330 cum
514 1285 574 1327 οὖν
589 1290 661 1327 iam
679 1287 722 1326 sit
737 1287 962 1333 inventum,
988 1286 1025 1325 id
1048 1284 1155 1326 facile
1175 1286 1366 1332 admittet,
1390 1284 1519 1337 spero,
1542 1284 1608 1324 etsi
1629 1285 1670 1324 in
1696 1291 1700 1300 ’

410 1341 587 1383 versione
606 1341 698 1380 nihil
722 1340 970 1386 mutaverim,
985 1352 1083 1392 quae
1099 1339 1160 1379 vel
1184 1338 1233 1379 sic
1254 1348 1379 1378 tamen
1398 1338 1518 1380 sensui
1531 1339 1672 1379 Lucia-

411 1398 449 1436 ni
466 1395 548 1434 satis
569 1394 780 1449 respondet.
806 1393 952 1432 Rtlrz.

465 1450 543 1488 ibid.
565 1449 656 1495 Οὺν)
683 1448 768 1488 Hoc
781 1460 853 1502 pro
870 1447 1028 1500 vulgato
1046 1445 1063 1484 ὃ
1079 1444 1153 1492 νῦν,
1166 1445 1324 1486 au&ore
1338 1446 1380 1486 L.
1398 1445 1546 1486 Codice
1559 1458 1672 1500 repo·

412 1503 565 1544 suimus.
588 1502 747 1542 SOLAN.
1543 1536 1548 1541 .

467 1559 539 1596 ead.
564 1556 586 1594 l.
607 1556 644 1595 8.
667 1557 721 1594 Ἐς
743 1557 787 1594 τ“ο
803 1552 963 1606 κάλλος)
984 1553 1167 1593 Ἐπαινεῖν
1191 1553 1227 1593 ἐς
1244 1554 1288 1592 ’τὶ
1305 1552 1446 1592 κάλλος
1459 1551 1513 1592 est
1533 1551 1672 1593 laudare

406 1622 545 1664 propter
557 1609 837 1661 pulchritudinem
847 1637 858 1657 ,
881 1608 942 1647 vei
952 1608 1215 1662 pulchritudinis
1227 1608 1369 1646 nomine.
1395 1605 1555 1654 Confer,
1571 1618 1672 1659 quae

412 1664 527 1718 supra
542 1673 640 1706 noto
656 1663 700 1702 ad
716 1662 842 1702 piscat.
865 1675 947 1715 cap.
972 1676 1040 1709 12,
1062 1661 1128 1701 ubi
1145 1661 1392 1711 ἐπαινουμένη
1409 1661 1446 1700 ἐς
1461 1663 1503 1699 τὸ
1517 1660 1674 1709 καλλος,

413 1718 570 1772 ἔχαιρε,
592 1717 693 1756 reete
715 1716 752 1755 in
772 1726 904 1762 textu,
927 1728 1080 1755 comma
1092 1728 1190 1754 vero
1211 1715 1309 1754 male
1323 1713 1499 1754 omiffum
1514 1714 1550 1752 in
1566 1725 1671 1754 nota.

413 1773 524 1812 Adde
536 1772 576 1810 L.
588 1772 667 1811 Bos
678 1769 770 1811 Obs.
785 1770 879 1809 Crit.
895 1783 930 1823 p.
947 1782 1013 1828 50,
1029 1770 1079 1808 ibi
1092 1781 1250 1822 quoque
1265 1769 1471 1808 laudatum.
1492 1768 1638 1808 Rzrrz.

469 1828 541 1866 ead.
557 1826 582 1864 l.
601 1839 615 1864 1
626 1838 658 1864 1.
681 1822 733 1864 Οὖ
746 1823 854 1866 ,θεαῖς
866 1838 931 1877 γε»,
943 1827 969 1863 ὠ
982 1822 1179 1870 βελτίστη,
1190 1822 1346 1875 εἴκασα)
1363 1821 1558 1862 Mendose.
1572 1820 1676 1861 Scri-³
1698 1867 1701 1869 ¹

413 1880 462 1920 be
476 1879 538 1919 vel
566 1893 609 1919 σε
628 1891 700 1932 pro
712 1893 763 1932 γε
774 1909 785 1927 ,
806 1877 869 1916 vel
895 1877 1035 1917 εἴκασα
1049 1890 1104 1916 σε.
1132 1875 1323 1916 Voculam
1349 1875 1390 1914 σὲ
1417 1876 1479 1916 hic
1506 1876 1674 1929 requiri,

412 1934 481 1973 vix
497 1933 688 1973 monitore
703 1941 804 1985 eget,
817 1932 972 1984 iamque
984 1931 1030 1969 de
1046 1930 1114 1970 suo
1129 1930 1163 1969 id
1178 1930 1369 1983 supplevit
1387 1929 1580 1982 interpres.
1602 1929 1673 1969 Pa-

410 1989 499 2040 gina
519 1987 687 2040 sequenti
704 1987 802 2026 idem
815 1984 1079 2025 commiss'um‘:
1095 1983 1130 2022 Εἰ
1146 1983 1190 2023 δὲ
1203 1983 1266 2022 καὶ
1281 1983 1339 2023 ὅτι
1357 1983 1473 2036 (male
1487 1996 1647 2036 quoque
1658 2011 1675 2031 ,

409 2041 539 2081 {altem
555 2051 693 2080 contra
712 2038 1024 2080 consuetudinem
1036 2068 1047 2084 ‚
1070 2038 1193 2090 vulgo
1207 2037 1346 2090 legitur
1359 2038 1376 2075 ‘o‘
1387 2068 1398 2085 ‚
1414 2037 1474 2090 τι)
1487 2037 1673 2088 μάλιστά

411 2109 463 2148 ’γε
476 2090 613 2134 αὐταῖς
635 2094 796 2133 ἐκείναις
815 2093 966 2133 εἴκασα.
991 2092 1038 2132 Et
1058 2092 1116 2131 hic
1128 2105 1170 2130 σε
1190 2092 1413 2144 requiritur,
1432 2090 1514 2130 sive
1532 2089 1673 2130 εἳκασίι

411 2163 469 2196 σε,
483 2148 563 2187 five
573 2162 624 2200 ’γε
635 2148 672 2186 ἱη
686 2162 728 2187 σε
743 2157 932 2186 mutatum
946 2146 1064 2185 malis.
1077 2145 1180 2184 IENs.
1205 2145 1326 2185 Re&e
1346 2156 1443 2198 puto
1457 2144 1550 2185 len-s.
1574 2156 1673 2184 con-

411 2201 536 2241 iecisse
550 2215 592 2240 σε
605 2201 818 2254 legendum.
842 2199 918 2240 Etfi
935 2201 1035 2239 enim
1053 2212 1102 2239 eo
1121 2198 1226 2239 sensu
1240 2199 1447 2239 tolerabilis
1465 2198 1517 2238 est
1535 2198 1673 2252 vulga-

411 2266 465 2302 ta,
476 2269 590 2308 quem
603 2254 719 2295 Gesn.
733 2256 767 2294 ei
782 2254 936 2302 tribuit3
955 2265 1079 2293 tamen
1093 2283 1104 2301 ‚
1125 2266 1213 2293 cum
1230 2251 1375 2292 scribae
1389 2253 1424 2291 in
1437 2253 1568 2292 eadem
1583 2265 1673 2305 par-

412 2310 526 2350 ticula
543 2323 609 2363 γε,
634 2321 705 2362 pro
729 2323 773 2349 σε
791 2308 1003 2354 scribenda,
1023 2307 1227 2359 peccarint,
1250 2307 1315 2346 ubi
1336 2307 1388 2346 ad·
1403 2307 1533 2346 eadem
1551 2307 1672 2346 verba

412 2362 622 2415 respicitur,
642 2363 732 2416 quid
744 2363 881 2401 mirum
893 2393 904 2408 ‚
917 2360 945 2400 s1
958 2362 997 2402 &
1011 2361 1069 2401 hic
1079 2360 1244 2400 similiter
1263 2360 1500 2400 aberrarint?
1518 2359 1667 2400 Rzrrz.

467 2419 538 2455 ead.
553 2417 576 2455 l.
589 2430 604 2455 1
614 2429 645 2454 2.
658 2415 756 2455 Λίθου
769 2416 830 2454 καὶ
844 2414 998 2469 χαλκοῦ
1012 2414 1108 2468 &c.)
1121 2414 1237 2455 Conf.
1252 2413 1361 2468 supra
1376 2415 1420 2454 de
1431 2413 1548 2466 Imag.
1562 2427 1594 2454 c.
1607 2427 1675 2467 23,

412 2481 617 2522 ceteraque
626 2470 783 2509 Luciani
795 2469 880 2508 loca
890 2470 940 2508 ibi
949 2469 1258 2515 commonstrata,
1268 2467 1295 2507 s1
1304 2468 1355 2508 est
1365 2480 1518 2519 operae.
1529 2467 1671 2507 Rmz.

465 2527 539 2565 ead.
550 2525 574 2564 l.
597 2525 658 2565 16.
681 2521 858 2577 Οὐρανίαν
870 2522 1099 2576 Ἀφροδίτην)
1123 2522 1185 2564 De
1198 2523 1353 2566 Venere
1371 2521 1510 2563 Cnidia
1536 2521 1673 2565 intelli}
