1764 3419
431 217 525 276 456
631 203 1502 264 ANNOTATIONES

431 312 496 340 tus
517 300 576 341 hic
597 301 707 341 locus
728 302 821 341 viris
848 301 986 347 doffls,
1013 313 1035 340 a
1055 300 1196 353 quibus
1217 301 1355 341 moniti
1377 301 1597 352 interpretes
1610 313 1691 342 non

432 354 643 396 debuerunt
668 355 936 406 perseverate
927 368 966 393 m
988 355 1088 394 mala
1112 354 1421 406 interpretatione
1439 356 1539 406 dens
1541 355 1585 392 tis
1600 356 1701 401 telis,

431 409 537 460 quod
556 410 683 461 potuit
708 410 861 461 quidem
876 408 982 454 fieri,
1001 407 1062 447 sed
1085 420 1164 447 non
1188 407 1272 446 sunt
1287 408 1332 446 ad
1359 406 1499 446 sensum
1516 406 1691 447 Graeco-

430 475 515 500 rum
536 462 834 511 exprimendum.
860 461 1092 500 Debuerunt
1097 460 1258 511 sublatis,
1274 473 1363 500 cum
1381 460 1557 499 manibus
1568 460 1689 499 levas

432 514 511 554 sent
528 514 645 554 hastas
659 530 682 552 v
676 515 765 553 elut
780 515 1016 559 transfixuri
1030 507 1136 566 quod
1149 513 1231 553 fieri
1251 514 1300 554 sic
1316 513 1420 552 solet.
1443 514 1590 565 Utique
1599 526 1684 566 cap.

438 582 498 619 55,
514 566 648 606 η’λαυνε
670 567 740 606 θιὲι
754 581 807 605 τε·
811 583 826 607 ν
842 580 936 607 »πολε
937 567 1049 616 μίων
1073 567 1218 606 κου-νόθα,
1240 566 1452 618 hunnivar,
1471 579 1550 606 non
1571 567 1691 606 inter-

431 633 628 690 pretantut
641 621 791 672 Amiſsae,
807 620 866 660 sed
877 620 1013 672 sublato
1024 622 1150 671 gladio.
1175 621 1312 660 Eadem
1329 622 1462 673 pagina
1479 632 1558 658 non
1578 620 1690 659 intel-

433 675 454 711 l!
462 686 526 724 go,
543 685 612 712 cur
632 687 750 714 voces
765 687 826 713 eas
848 690 910 712 και
925 689 1058 713 ταυτα
1074 674 1165 724 Ζίριν
1185 670 1322 712 n'xowm
1337 675 1446 712 iidem
1462 673 1616 712 reddant
1634 675 1689 712 id-

432 742 494 775 (με
509 740 581 765 cum
594 739 686 766 temet
699 728 883 774 dedideris;
899 741 989 766 cum
1004 729 1069 780 qui
1082 726 1132 766 sic
1147 728 1264 773 venit,
1279 727 1319 765 δι
1335 728 1555 777 pronuntiat
1567 727 1696 774 Zirin,⁴

434 780 551 831 paulo
567 793 653 820 ante
665 783 798 820 dixerit
817 796 837 816 x·
843 783 947 820 enire
969 780 1073 836 quasi
1093 780 1306 820 soluturum
1329 779 1467 832 λύτρα,
1489 792 1568 820 non
1582 780 1636 819 ob
1649 779 1690 821 se

432 833 656 875 dedendum.
683 835 825 875 GRON

485 890 559 926 ead.
572 888 593 925 l.
614 902 671 927 10.
694 892 758 926 Τον
777 887 884 940 Ζίριν)
909 888 1001 939 Ζίρις
1020 887 1205 944 Guyetus
1225 886 1398 948 scripsit
1388 899 1426 924 in
1451 886 1574 932 notis,
1591 886 1689 926 nihi}

433 941 548 980 aliud.
571 941 662 980 An
653 942 767 993 igitur
782 942 911 980 maluit
925 941 1022 992 legi,
1039 944 1064 980 ὠ
1083 942 1198 993 Ζίρις;
1214 941 1302 993 quia
1319 939 1422 988 βοξὶν,
1440 953 1527 980 cum
1548 915 1592 979 sit
1607 940 1694 980 effi-'

433 994 535 1035 &um
552 1007 573 1033 a
590 994 705 1034 bovis
724 995 844 1041 sono,
866 994 918 1034 est
935 1006 1113 1034 neutrum
1130 995 1370 1042 absolutum,
1392 1005 1434 1032 ut
1458 995 1509 1032 ait
1531 993 1625 1033 Bud.
1645 993 1699 1033 in·

432 1048 525 1086 Lex.
540 1048 698 1087 minore.
723 1049 759 1086 V
764 1061 869 1087 erum
885 1048 937 1088 est
948 1078 960 1094 ,
973 1048 1008 1087 id
1021 1048 1247 1100 generaliter
1263 1049 1418 1094 clamare,
1434 1047 1619 1086 exclamare
1639 1046 1688 1086 fi·

434 1100 638 1154 gnificaoe,
655 1104 694 1142 &
707 1100 937 1154 potiffimum
953 1100 1030 1141 sine
1045 1102 1263 1142 accusativo
1275 1100 1454 1154 usurpari.
1473 1101 1628 1140 Interim
1644 1101 1689 1140 δε

433 1167 512 1194 non
528 1154 639 1194 semel
651 1169 737 1196 cum
753 1157 903 1201 eodem,
919 1165 960 1194 ut
973 1155 1120 1194 Aelian.
1137 1156 1188 1194 V.
1202 1156 1250 1193 H.
1271 1154 1368 1199 XII,
1390 1168 1424 1201 1,
1443 1165 1525 1206 pag.
1539 1155 1611 1193 661
1625 1154 1695 1194 ed.-

435 1208 573 1247 minor.
589 1210 652 1247 m}
665 1213 707 1248 τὸ
722 1208 788 1249 τοῦ
801 1212 945 1260 πατρὸς
959 1208 1074 1258 ’ὄνομα
1092 1208 1191 1251 ἐθόα..
1219 1207 1334 1248 Diod.
1355 1207 1426 1247 Sic.
1443 1207 1555 1254 XIV,
1575 1220 1608 1247 c.
1622 1221 1646 1254 7
1660 1206 1685 1250 f.

432 1262 519 1302 τοὺς
530 1261 575 1301 ἑὲ
588 1275 754 1302 oronam
768 1262 952 1307 β.ω,τες’
938 1278 1001 1301 επι
1021 1262 1088 1302 ’tim
1103 1261 1319 1312 ἐλευθερίαν.
1336 1261 1448 1313 Apud
1465 1261 1569 1300 LXX
1586 1271 1693 1300 vero

434 1316 649 1368 aliquoties,
662 1328 703 1356 ut
721 1332 742 1355 2
756 1317 852 1368 Reg.
868 1316 964 1376 XX,
979 1331 1024 1364 4,
1038 1316 1166 1355 Βὸησὸν
1184 1329 1248 1368 μοι
1264 1330 1328 1354 τον
1341 1314 1475 1378 ἄνδρα
1473 1313 1594 1353 ’laissa
1610 1315 1688 1356 &c-

434 1368 529 1408 Esai.
545 1370 639 1416 XII,
657 1384 695 1418 4,
708 1370 876 1430 ‘Tuus-ne
890 1367 1021 1422 κύριον,
1040 1369 1150 1413 βοαττ
1167 1384 1211 1408 το
1228 1369 1343 1417 ’ὄνομα
1358 1364 1474 1407 adrev
1496 1367 1568 1407 &c.
1590 1367 1690 1408 Lon-

435 1435 482 1474 ge
497 1434 623 1461 tamen
635 1422 717 1476 freq
721 1424 872 1463 uentius
886 1422 986 1482 apud
1000 1422 1097 1462 eosd
1120 1422 1208 1472 βοᾷν
1218 1437 1307 1473 προς
1319 1420 1444 1472 κύριον.
1461 1421 1532 1460 Sed
1547 1422 1586 1460 δι
1598 1422 1689 1460 Ari-

434 1476 557 1528 stoph.
571 1477 650 1518 Av.
664 1491 703 1515 ν.
693 1438 785 1522 q‚6o
797 1476 890 1515 Τίς
876 1493 891 1514 ο
911 1475 998 1520 βοῶν
1009 1481 1072 1515 τον
1086 1476 1210 1515 sema
1213 1489 1301 1523 την;
1314 1475 1426 1514 Sic&
1440 1474 1596 1514 Plautus
1606 1476 1685 1514 cla-

434 1531 549 1568 »ritate
561 1531 609 1568 al
597 1545 702 1583 quem
714 1531 827 1576 dicit,
851 1529 976 1569 Pseud.
993 1530 1047 1576 V,
1066 1545 1140 1582 ¹⁹3
1148 1543 1192 1578 0,
1217 1529 1302 1570 licet
1324 1528 1362 1567 δι
1385 1528 1459 1568 hoc
1477 1529 1629 1581 proprie
1644 1528 1690 1568 fit

434 1583 598 1622 verbum
620 1597 818 1624 neutrum.
843 1585 894 1622 ait
909 1595 1036 1622 autem
1059 1583 1182 1623 Plaut.
1197 1584 1373 1622 clamitant
1385 1599 1456 1628 me,
1472 1595 1513 1621 ut
1529 1595 1689 1622 revortar.

432 1637 492 1676 Ita
503 1638 646 1676 clamare
658 1639 820 1691 aliquem,
840 1636 1150 1686 Petron.c.1o7,
1167 1651 1201 1688 p.
1220 1650 1307 1689 493.
1325 1637 1432 1675 Adde
1444 1611 1625 1675 Burman.
1638 1636 1686 1676 ad

433 1689 502 1730 Ov
506 1691 551 1730 id.
563 1691 597 1730 11
612 1691 769 1732 Metam.
784 1705 877 1743 443,
894 1714 939 1721 —
955 1692 1102 1730 clamata
1115 1691 1259 1744 refizgiq
1281 1690 1347 1730 ubi
1361 1690 1397 1729 id
1409 1701 1544 1731 contra
1560 1702 1689 1730 corre-

433 1746 558 1784 &ores
573 1746 742 1798 pluribus
754 1745 902 1810 probat.
925 1745 1069 1784 REITZ.

486 1799 576 1850 Pag.
597 1812 680 1846 104.
693 1801 715 1837 l.
736 1815 768 1852 3.
791 1798 882 1850 Ζίριν
904 1794 1058 1851 ἥκοντα)
1080 1795 1258 1838 Forsan'
1243 1811 1439 1851 ηχουντσι,
1462 1809 1551 1837 nam
1573 1795 1693 1850 supra

431 1864 645 1892 vocaverat
661 1854 777 1893 Zirin.
798 1853 964 1893 GUYET.

485 1909 559 1945 ead.
574 1908 595 1944 l.
615 1920 645 1958 5.
665 1906 896 1956 Ὀφθοιλμοὺς
912 1928 957 1936 -
974 1904 1188 1958 ἐκκόπτειν)
1214 1904 1364 1945 Oculos
1384 1902 1525 1944 offerre
1545 1916 1686 1944 eruen-

432 1959 502 1999 dos
528 1959 716 1999 summum
739 1961 882 2000 amoris
898 1959 1043 2011 iignum
1059 1959 1152 2005 effe,
1178 1959 1254 1999 hoc
1266 1959 1422 1998 Luciani
1440 1960 1689 2012 aliorumque

431 2012 651 2053 testimoniis
667 2013 827 2053 ostendit
851 2014 881 2053 1
899 2012 1037 2053 Elsner.
1053 2015 1099 2052 ad
1111 1989 1223 2065 E'pist.
1236 2013 1282 2052 ad
1294 2012 1418 2052 Galat.
1430 2011 1504 2057 lv,
1529 2025 1599 2063 15,
1620 2012 1688 2051 ubi

430 2067 614 2128 legimus,
637 2082 814 2131 μαρτυρω
823 2069 901 2132 γὰρ
915 2066 998 2117 ὗμιν
1009 2096 1020 2112 ,
1042 2066 1115 2113 ότι,
1137 2067 1166 2104 εἰ
1182 2066 1361 2112 summor,
1377 2065 1462 2106 τοὺς
1477 2064 1688 2116 ὂφθιιλμουσ

431 2116 531 2171 ὑμων
547 2119 814 2172 ἐξορύξαντες’
796 2137 838 2159 σιν
851 2120 1024 2160 ἐδώκατέ
1034 2136 1108 2168 μοι.
1131 2120 1279 2159 REITZ.

487 2174 576 2227 P.ag
595 2187 679 2224 105.
692 2176 715 2213 l.
727 2189 762 2235 7.
778 2174 1002 2224 Ἀνωμὸτους
1020 2175 1050 2213 εἰ
1066 2174 1209 2226 βούλει)
1229 2173 1410 2219 Toxaris,
1425 2171 1686 2212 ubinobiliffi·

432 2240 537 2266 mum
562 2227 661 2267 fidae
679 2228 862 2267 amicitiae
882 2227 1094 2279 exemplum
1119 2228 1165 2267 de
1190 2228 1374 2267 Amizoca
1394 2227 1433 2266 δι
1451 2226 1688 2267 Dandamide

431 2281 599 2333 quodam
614 2280 832 2328 enarraffer,
845 2294 954 2332 rogat
967 2281 1224 2333 Mnefippum,
1240 2281 1328 2332 quid
1344 2294 1410 2332 par
1421 2282 1454 2319 ei
1471 2291 1537 2319 aut
1551 2278 1688 2320 secun-

432 2336 522 2374 dum
548 2334 709 2388 proferri
727 2334 837 2387 poffit
856 2348 877 2375 e
898 2336 1073 2381 Graecis
1098 2335 1185 2375 sicet
1202 2336 1262 2375 vel
1278 2336 1406 2374 decem
1423 2334 1532 2386 supra
1552 2346 1689 2373 nume-

433 2402 520 2428 rum
535 2400 620 2428 ante
637 2388 800 2441 positum
819 2389 948 2442 (nam,
965 2401 1006 2428 ut
1020 2399 1181 2441 uterque
1195 2390 1368 2450 quinque
1381 2387 1553 2440 exempla
1568 2386 1684 2426 refer-

433 2453 505 2488 ret,
519 2443 771 2494 convenerat)
784 2455 1033 2483 annumerare
1044 2444 1244 2489 concedat,
1264 2444 1374 2482 etiam
1388 2441 1484 2482 stne'
1477 2441 1688 2481 iureiuran-

434 2497 499 2544 do,
513 2508 554 2536 ut
566 2497 684 2537 multa
700 2507 784 2538 tuto
799 2496 938 2554 poffint
954 2497 1102 2553 affingi,
1126 2511 1208 2554 quo
1222 2496 1376 2541 historia
1389 2496 1524 2539 evadat
1536 2494 1688 2541 mirabi-
