1764 3419
403 232 496 276 422
606 207 1477 258 ANNOTATIONES

404 303 446 343 δι
464 303 611 343 Toxar.
635 314 717 353 cap.
739 314 763 349 9
786 298 810 339 f.
831 295 977 338 αὐτίκα.
999 296 1112 346 μάλα
1131 290 1254 345 ὥσπερ
1278 296 1331 333 τὰ.
1350 294 1515 345 ὀνείρατα
1541 294 1670 350 οἵχονέ

404 371 472 396 ται
498 355 582 406 ὑμῖν
607 355 650 395 ἑκ,
674 352 799 394 ποδῶν
826 351 1119 399 ἀποπτάμεναι,
1147 348 1212 388 ubi
1236 350 1373 389 iterum
1397 347 1582 390 discretim
1605 363 1672 390 re·

403 409 464 451 &e
476 409 662 449 scribitur.
687 407 768 447 Nec
788 406 835 444 ibi
849 404 1015 456 consistim
1030 401 1262 454 significare,
1284 412 1411 454 patet,
1428 403 1522 454 quia
1545 403 1581 441 id
1603 415 1670 455 per

403 460 547 503 αὐτίκα
569 462 682 512 μάλα
698 459 931 500 enuntiatur.
960 455 1031 496 Sed
1046 470 1118 508 pro
1131 456 1288 494 arbitrio
1314 454 1504 496 scribentis
1519 455 1672 496 videtur

404 517 525 558 inodo
538 515 601 562 sic,
616 513 734 553 modo
751 513 856 552 aliter
868 522 1064 551 exaratum
1078 526 1085 548 :
1103 523 1191 548 nam
1204 507 1359 548 viciffim
1379 508 1546 548 {moscbv
1561 508 1672 548 dorio«

403 569 583 621 scriptum
598 567 674 606 stne
689 567 872 605 varietate
888 564 1003 603 video
1021 564 1154 602 deinde
1168 565 1204 601 in
1221 562 1440 615 Pseudolog.
1453 576 1533 616 cap.
1547 578 1573 611 4
1586 563 1673 616 post

406 624 503 664 med.
521 623 582 661 Ac
594 632 720 660 tamen
736 619 865 658 Latine
877 617 923 657 ab
935 616 1100 666 Micyllo
1116 616 1344 657 conversum
1358 645 1369 661 ,
1384 617 1440 654 abi
1457 633 1472 654 e
1491 618 1605 656 medio.
1621 616 1672 657 Et

403 677 443 717 in
468 676 600 727 Eurip.
629 673 779 713 Hecub.
796 686 842 724 52
869 670 1037 710 ἐκποδὼν
1055 668 1276 723 χωρήσομαι
1304 669 1457 708 iunffim
1473 682 1672 711 exaratum

405 731 586 775 vertitur,
601 727 721 779 procul
730 727 838 765 abibo.
854 725 980 764 Immo
996 725 1086 763 nihil
1101 723 1264 766 interest.
1282 736 1490 776 utrumque
1506 723 1558 762 est
1574 722 1674 763 eius-

405 784 491 822 dem
512 781 683 834 originis,
698 780 725 819 fi
742 793 822 819 non
839 777 991 831 prorsus
1009 778 1126 817 idem:
1149 790 1235 817 nain
1251 777 1346 816 utin
1362 776 1537 829 singulari
1549 777 1589 816 ἐκ
1603 793 1674 816 πο-

405 836 471 883 Σὸς
487 835 635 876 διώκειν
649 833 751 874 nulla
764 833 816 872 est
829 830 1110 878 controversia,
1127 832 1217 884 quid
1229 829 1368 878 obstat,
1385 831 1478 882 quin
1491 830 1672 871 {moseza

405 889 515 930 'fimili
527 890 674 928 ratione
690 887 894 928 scribamus
912 884 1073 937 semper,
1085 897 1175 924 curn
1192 885 1251 924 illa
1265 885 1521 937 coniungendi
1539 897 1606 923 aut
1621 885 1674 923 di·

403 944 566 983 timendi
593 942 843 994 mutandique
865 950 1042 981 accentus
1066 939 1167 978 ratio
1190 937 1234 977 sit
1259 939 1430 977 inventio
1453 937 1675 990 posterioris

406 991 519 1037 aevi?
539 996 695 1036 Interim
709 995 971 1047 relinquamus
991 990 1208 1032 huiusmodi
1220 991 1536 1046 orthographiam
1549 1021 1559 1040 ,
1577 1004 1674 1046 qua-

406 1050 481 1092 lem
499 1050 576 1093 suis
587 1051 683 1090 locis
695 1049 926 1089 invenimus.
946 1046 1088 1089 REITz.

411 1149 1653 1172 ——-———-——-n-———————————-

574 1216 707 1261 IN
806 1197 1502 1262 TOXARIN.

415 1320 417 1323 ·
460 1304 552 1356 Pag.
571 1304 629 1358 56.
653 1305 677 1345 l.
695 1318 726 1344 1.
745 1304 962 1357 ΤΟΞΑΡΙΣ)
982 1303 1045 1343 De
1060 1316 1157 1343 vero
1176 1303 1325 1344 Toxari
1345 1303 1384 1342 in
1398 1303 1544 1355 Scytha
1569 1304 1673 1344 mul-

406 1365 457 1399 ta.
479 1359 579 1398 Vide
599 1372 680 1410 cap.
699 1371 730 1397 x.
759 1359 834 1397 Hic
856 1369 982 1397 autem
1006 1357 1116 1397 ἧξὶυε
1127 1358 1297 1398 Toxaris
1313 1357 1582 1398 Romanorum
1603 1360 1673 1397 im-

406 1423 630 1466 peratorum
647 1421 771 1453 aetate
784 1411 916 1451 vixisse
931 1412 1100 1464 ponitur.
1124 1411 1379 1464 Quamquam
1394 1412 1532 1451 alicubi
1555 1413 1671 1453 etiam

408 1467 454 1505 ad
471 1477 638 1512 veterem
654 1465 852 1518 respexiffe
865 1475 968 1519 patet
979 1495 990 1513 ‚
1006 1478 1049 1505 ut
1062 1478 1144 1518 cap.
1163 1480 1221 1518 57.
1242 1465 1333 1505 Vid.
1346 1465 1490 1505 Schott.
1504 1465 1672 1506 observ.

406 1532 493 1573 pag.
515 1519 601 1572 138.
621 1519 778 1559 SoLAN.

460 1576 536 1613 ead.
549 1574 570 1611 I.
583 1589 618 1622 4.
641 1572 766 1624 Ὑμεῖς
781 1571 810 1612 οἱ
824 1571 981 1625 Σκύθαι)
1005 1571 1090 1625 Qui
1106 1585 1214 1613 oram
1231 1572 1330 1611 inter
1340 1572 1505 1612 Tanaim
1520 1573 1559 1613 &
1570 1572 1673 1613 Pha-

407 1627 475 1666 fim
495 1628 704 1673 accolunt,
720 1639 824 1667 nunc
836 1626 1016 1667 Cercaffii
1039 1626 1125 1666 dieii
1137 1657 1151 1675 ,
1174 1639 1244 1666 eos
1261 1627 1435 1666 nonnulli
1449 1628 1582 1668 Ziccos
1596 1626 1672 1669 effe

406 1680 561 1722 volunt.
585 1680 730 1721 CoGN.

461 1737 535 1774 ead.
547 1736 570 1773 I.
585 1734 743 1785 7.Ἀλλὲι
756 1733 1045 1788 '021¹sp25)’Am„&
1060 1734 1132 1788 seq.
1147 1734 1289 1781 vocali,
1302 1733 1415 1774 etiam
1429 1740 1470 1784 α’,
1484 1734 1562 1774 fine
1577 1747 1671 1788 apo-

407 1787 566 1841 stropho
581 1802 640 1840 ap.
658 1788 840 1828 Nostrum
858 1787 936 1828 fere
951 1788 1120 1842 ubique,
1145 1787 1256 1828 rariffi
1264 1801 1323 1829 me
1338 1801 1424 1828 cum
1440 1801 1500 1828 eo.
1522 1788 1670 1829 Forsan

407 1855 456 1882 ne
467 1841 723 1883 confundatur
735 1856 824 1883 cum
834 1843 1022 1884 adiefflvo
1031 1848 1147 1882 ιιλλα.
1157 1841 1304 1884 Confer
1316 1844 1422 1895 παρὰ
1435 1838 1551 1884 αὐτοῦ
1565 1842 1670 1883 dein·

405 1897 453 1938 de
467 1910 498 1936 c.
519 1911 581 1950 32,
593 1897 658 1937 ubi
675 1897 782 1950 plura
795 1897 940 1943 damus
958 1896 1106 1936 REITz.

462 1951 554 2003 Pag.
583 1965 641 2002 57.
663 1952 686 1990 I.
710 1964 740 1991 1.
762 1951 881 1989 Ἀλλὰ
897 1950 962 1990 καὶ
979 1953 1069 2002 πρὸς
1092 1949 1177 1989 τοὺς
1198 1948 1339 2000 ζῶντας
1358 1946 1500 2000 ἐίμεινον
1519 1948 1669 2000 οἰόμεθα

406 2003 583 2056 πράξειν)
600 2005 722 2045 Etiam
737 2006 775 2044 in
790 2005 860 2046 hac
873 2004 1038 2044 editione
1054 2004 1168 2043 video
1184 2003 1377 2043 admissum
1398 2003 1666 2057 ineptiffimum

405 2059 444 2096 in
460 2057 637 2098 versione
650 2071 836 2104 errorem,
849 2070 964 2112 quem
981 2071 1003 2097 a
1020 2058 1214 2112 prioribus
1229 2070 1456 2109 acceperunt
1465 2087 1478 2106 ‚
1499 2059 1564 2105 iis,
1582 2074 1667 2111 quae

407 2112 443 2151 in
456 2112 631 2164 vimfim,
649 2125 741 2152 cum
757 2113 797 2151 δι
814 2125 873 2151 res
894 2111 968 2163 ipsa
984 2113 1023 2152 &
1036 2112 1186 2153 Graeca
1200 2110 1392 2164 postulent
1405 2111 1668 2154 masculinum.

407 2163 554 2206 GRon.
571 2165 748 2206 Erasmus
760 2178 886 2205 tamen
904 2165 1006 2206 re&e
1018 2198 1029 2215 ‚
1049 2166 1124 2213 his,
1140 2167 1199 2220 qui
1216 2166 1251 2204 in
1264 2165 1440 2217 vitasunt.
1466 2162 1510 2205 In
1522 2166 1663 2206 Bened.

405 2220 536 2271 itaque
551 2220 727 2259 versione
739 2220 828 2260 illud
839 2235 924 2273 quae
935 2221 1070 2259 vitium
1087 2230 1237 2260 tantum
1251 2220 1576 2272 typographicum
1593 2219 1666 2260 est:

407 2273 595 2314 &sava-:ov
612 2275 714 2318 enim
733 2274 912 2323 arbitror,
931 2275 967 2314 id
979 2287 1066 2314 eum
1082 2286 1149 2328 per
1161 2274 1412 2328 ignorantiam
1425 2272 1669 2324 autoscitan-

407 2326 495 2366 tiam
511 2327 562 2367 fic
576 2326 737 2368 vertiffe.
762 2328 907 2368 Rem-z.
1421 2333 1427 2339 “

462 2384 538 2421 ead.
558 2383 581 2420 Ι.
603 2396 638 2420 2.
664 2382 734 2420 Καὶ
757 2382 922 2432 τιμῶμεν
945 2381 1221 2435 ἀποθανόντας)
1245 2380 1513 2423 samosatensis
1527 2379 1668 2432 noster,

389 2434 588 2487 'peculiari
605 2434 735 2475 libello
753 2435 1037 2489 conscripturus
1053 2435 1338 2489 eminentiffirna
1359 2437 1545 2489 quaedam
1569 2435 1668 2476 fidae

409 2489 594 2540 amicitiae
609 2490 796 2545 exempla,
809 2490 950 2541 inducit
966 2490 1142 2541 Toxarin
1155 2491 1195 2532 &
1208 2490 1452 2552 Mnefippum
1464 2521 1477 2543 ,
1499 2490 1601 2542 hunc
1619 2502 1669 2540 ex
