1764 3419
240 224 319 275 ῙΝ
356 228 515 275 PRO
549 224 1123 274 IMAGINIBUS..
1196 246 1290 295 417

27 316 201 371 Cnyeti3
220 317 357 357 dubito
381 329 473 355 num
496 314 735 356 describentis
749 314 856 353 vitio.
876 313 948 353 Sed
963 314 1001 353 in
1019 314 1176 368 vulgata
1197 320 1290 358 nihil

29 374 168 420 video,
189 371 297 424 quod
317 370 620 410 emendationem
646 367 833 421 postulet,
851 380 1085 420 quamquam
1106 370 1193 417 ζῶον
1212 384 1291 410 ηοη

30 425 346 479 improbaverim,
361 423 387 462 fi
402 425 486 476 quis
498 423 635 463 Codex
651 422 817 461 haberet.
833 421 987 460 Interim
1002 421 1085 461 satis
1106 422 1236 463 usitata
1250 424 1291 463 δέ

31 481 123 519 haec
134 478 187 517 est
206 478 365 531 genitivi
378 489 468 516 cum
490 476 654 516 relativo
676 475 941 514 convenientis
960 475 1217 524 constructio,
1249 489 1292 517 ut

30 534 128 573 bene
142 534 212 571 iam
232 532 383 570 monuit
397 543 442 569 ac
458 531 571 569 vertit
583 528 736 568 Ienfius.
762 528 910 568 Rmz.

85 589 157 626 ead.
172 586 197 624 l.
215 579 405 637 13.''A›epov
422 584 517 635 &c.)
535 584 694 623 Homer.
708 581 808 631 11:13
824 596 911 632 227.
925 582 1081 623 SOLAN.
1093 580 1197 623 Fons
1208 584 1294 624 Hoae

32 654 126 681 mer.
144 640 187 679 ΙΙ.
201 644 248 685 Τ,
262 651 347 688 227.
366 638 495 678 Rivos
507 638 615 690 plena
627 648 744 676 manu
758 637 940 676 indicavit
955 637 991 676 la
1003 638 1127 678 Cerda
1137 638 1182 676 ad
1190 639 1291 678 Aen.

34 694 128 742 Vll,
143 693 235 738 808,
249 692 318 730 Illa
331 693 389 729 vel
397 693 538 731 inmane
551 693 626 729 ἃς.
644 690 773 730 GESN.

86 750 159 786 ead.
170 748 193 785 l.
214 760 272 794 14.
291 745 565 798 Ἀελλοπὸἓων)
590 744 741 784 Frustra
754 744 857 797 apud
871 744 1086 784 Homerum
1110 744 1293 798 quaesivi.

32 798 190 842 Some.
219 798 402 843 Ufiratius
423 800 574 851 quidem
598 798 776 837 Homero
792 798 1024 849 ἀερσίποδες.
1050 800 1198 838 Verum
1220 812 1294 839 nec

32 856 193 896 alterum
212 852 266 892 est
285 853 516 906 improbum.
538 852 694 903 Legitur
716 852 820 890 enim
845 852 880 889 in
905 852 1071 903 Hymno
1094 852 1131 890 in
1146 854 1290 892 Vener.

32 910 101 961 qui
113 908 235 947 eidem
249 907 370 959 vulgo
380 907 574 953 tribuitur,
589 920 627 944 v.
638 919 680 944 21
690 905 727 954 8,
739 926 784 934 —
797 903 979 945 ἵπποισιν
993 905 1292 946 &emmeno-ccv

31 961 177 1016 ὀχεῖτο.
202 958 346 1000 REI'rz.

88 1017 177 1069 Pag.
195 1014 294 1063 48.z.
310 1027 342 1052 1.
361 1013 470 1054 Ζηνός
489 1012 581 1066 που)
595 1012 756 1052 Homer.
769 1010 907 1063 Odyff.
922 1018 970 1055 Δ,
985 1022 1046 1061 74.
1067 1011 1228 1052 SOLAN.

87 1072 161 1108 ead.
177 1069 200 1108 l.
214 1084 252 1117 4.
271 1062 392 1106 Ὅπου
413 1066 598 1118 Κύναιθος)
621 1067 722 1119 Lege
742 1062 788 1105 ὥς
803 1080 890 1105 που.
912 1065 1078 1106 ΟυΥΕτ.
1106 1067 1260 1106 Mallem
1277 1065 1293 1105 ὅ

33 1121 127 1178 γοῦν
141 1126 178 1160 Κ.
193 1121 263 1162 Sed
277 1121 316 1166 in
330 1122 441 1174 impr.
459 1120 500 1159 ὅ(
512 1121 567 1159 Μ.
582 1119 678 1174 ipso,
692 1121 747 1160 uti
761 1120 958 1165 edidimus,
972 1120 1153 1160 scribitur.
1170 1121 1297 1161 Acce-

33 1178 87 1217 dit
99 1176 145 1216 ad
158 1177 257 1215 hunc
269 1173 380 1214 usum
394 1174 507 1213 huius
521 1175 726 1225 particulae
737 1173 988 1213 locuslambl.
1000 1173 1134 1213 N0.60
1145 1175 1194 1213 A.
1205 1175 1296 1213 Vid.

33 1229 166 1279 Tim.§
182 1243 226 1276 2,
250 1228 372 1268 Deor.
393 1227 497 1268 Dial.
516 1227 673 1276 XVIII,
692 1240 707 1265 1
725 1226 749 1266 f.
770 1226 864 1267 lbid.
891 1226 1042 1274 XXIII,
1062 1241 1076 1266 1
1102 1230 1198 1267 med.
1222 1240 1296 1280 pro

33 1283 140 1337 Laps.
157 1283 173 1332 §
191 1296 223 1321 2.
240 1281 331 1322 Ibid.
347 1282 376 1332 §.
391 1283 429 1321 6.
446 1282 624 1322 Hermot.
640 1294 673 1320 c.
691 1294 751 1334 39.
766 1281 955 1319 Herodot.
973 1279 989 1329 ᾗ
1007 1295 1042 1329 4.
1058 1281 1194 1321 Abdic.
1209 1294 1296 1333 cap.

35 1352 84 1391 23
101 1336 126 1377 f.
151 1335 252 1376 Infra
267 1336 428 1376 Icarom.
449 1348 481 1374 c.
499 1349 544 1388 23
559 1335 585 1375 f.
607 1334 657 1374 Et
680 1337 767 1374 adv.
779 1333 923 1373 lndoet.
937 1347 969 1373 c.
989 1347 1034 1373 21
1055 1348 1110 1386 pr.
1137 1335 1298 1375 SOLAN.

34 1391 186 1432 Decem
200 1389 261 1428 illa
275 1389 435 1430 Luciani
448 1388 664 1428 testimonia
675 1389 723 1428 ab
738 1387 882 1428 Solano
897 1387 1204 1428 commonstratis
1218 1400 1299 1428 tan-

35 1455 122 1485 tum
135 1445 192 1484 ed.
207 1444 297 1484 Iunt.
311 1444 457 1498 paginis
473 1443 635 1482 indicata
647 1473 658 1490 ‚
673 1442 843 1495 quaesivi
856 1472 866 1489 ‚
881 1442 1125 1494 capitumque
1137 1442 1218 1482 sive
1232 1457 1298 1495 pa-

34 1497 314 1552 ragraphorum
328 1509 545 1542 numerum,
556 1508 598 1536 ut
606 1495 764 1549 semper,
779 1496 824 1534 ad
836 1495 1001 1534 nostram
1014 1496 1071 1534 ed.
1084 1509 1301 1536 accommo-

36 1553 149 1600 davi,
172 1552 444 1605 cognovique..
469 1550 594 1591 inillis
607 1551 788 1589 omnibus
800 1549 891 1589 ὅπου
910 1551 972 1588 vel
992 1549 1083 1587 ἕπου
1097 1564 1147 1603 ’γε
1163 1563 1300 1590 occur-

36 1620 144 1654 rere,
164 1619 347 1660 procum,
368 1605 630 1658 quandoquidem
646 1603 832 1656 positum,
856 1603 976 1643 veluti
987 1603 1131 1643 Latinis
1141 1617 1300 1657 quoque

37 1673 121 1700 non
134 1659 353 1712 infrequens
364 1660 422 1698 ubi
442 1671 515 1711 pro
530 1659 814 1711 quandoquidem,
827 1657 1010 1709 siquidem,
1032 1656 1235 1710 usurpare,
1255 1667 1299 1698 ut

38 1711 179 1755 Horat.
197 1728 234 1762 2,
246 1713 321 1754 Od.
341 1725 400 1763 13,
418 1726 482 1765 33,
500 1713 596 1762 Quid
607 1713 754 1751 mirum?
774 1723 857 1749 UBI
871 1712 939 1750 illis
953 1711 1152 1750 carminibus
1160 1713 1299 1765 stupens

40 1768 183 1807 demittit
198 1779 294 1807 atras
306 1766 415 1806 bellua
426 1766 587 1818 centiceps
600 1781 711 1805 aures.
732 1766 882 1805 Verum
895 1777 945 1804 ex
959 1765 1014 1804 his
1025 1764 1204 1804 omnibus
1219 1778 1301 1805 non

37 1821 299 1874 consequitur,
317 1820 332 1859 ὃ
386 1818 442 1859 οῦν
456 1820 517 1859 hic
530 1818 752 1872 legendum,
768 1832 857 1860 cum
873 1818 1098 1871 Cynaethus
1120 1830 1199 1858 non
1214 1831 1302 1859 ante

38 1876 262 1916 nominatus
275 1875 330 1914 stt.
340 1835 477 1926 &uate
489 1873 641 1913 mallem
655 1873 748 1913 δ’που
761 1873 825 1912 καὶ
836 1874 917 1912 Κυν.
930 1873 1070 1925 legere,
1082 1884 1151 1911 aut
1161 1872 1303 1924 Guye-

39 1939 86 1969 to
101 1928 261 1968 assentiri
276 1925 324 1968 ὥς
337 1942 411 1968 που
427 1928 577 1980 legenti.
601 1926 784 1967 Ceterum
798 1927 843 1966 de
857 1927 1015 1965 nomine
1027 1926 1139 1966 huius
1155 1926 1304 1978 parasiti

41 1983 120 2023 vid.
131 1983 256 2036 Bergl.
272 1984 317 2022 ad
330 1982 498 2035 Alciphr.
511 1981 566 2020 III
577 2011 590 2028 ,
602 1981 715 2033 Epist.
727 1996 774 2033 43
791 1994 846 2031 pr.
863 1980 940 2033 ἐγὼ
951 1981 1014 2018 καὶ
1027 1979 1225 2028 Στρουθίων
1239 1981 1304 2019 καὶ

40 2036 212 2076 Κύναιθος
224 2036 257 2076 οἱ
269 2035 491 2088 παράσιτοι,
508 2035 553 2074 ad
565 2048 663 2088 quae
676 2035 754 2075 ille:
776 2033 865 2073 Fuit
877 2033 1079 2074 affentator
1091 2034 1166 2073 boc
1181 2035 1305 2073 nomi-

41 2104 93 2130 ne
103 2089 291 2130 Demetrii
301 2089 551 2135 Poliorcetae,
561 2090 606 2129 de
619 2102 700 2143 quo
712 2089 906 2129 Lucianus
919 2088 957 2127 in
969 2087 1088 2139 Imag.
1101 2101 1136 2141 p.
1153 2100 1214 2140 39.
1226 2087 1306 2139 (ed.

38 2144 204 2197 -Bened.)
223 2145 246 2183 i.
259 2157 292 2183 e.
309 2143 344 2182 h.
359 2143 382 2182 l.
410 2143 555 2183 Risu-Z.
777 2146 780 2149 “

99 2201 172 2237 ead.
187 2201 210 2237 l.
232 2211 291 2247 17.
316 2197 568 2250 Παροιμετρῇς
588 2195 643 2246 τῷ
659 2196 775 2246 οἰκείῳ
792 2195 936 2249 μέτρῳ)
959 2195 1051 2235 Non
1070 2194 1117 2234 ab
1135 2208 1177 2235 re
1193 2195 1307 2235 fuerit

43 2252 181 2293 addere
190 2250 364 2291 nonnihil
375 2263 422 2289 ex
433 2250 600 2290 Observ.
610 2251 652 2289 L.
663 2251 743 2291 Bos
756 2252 891 2304 (quem
905 2248 1179 2290 consulendum
1189 2250 1308 2288 Hem-

44 2305 156 2345 flerh.
170 2306 209 2344 in
224 2317 344 2357 marg.
360 2305 526 2345 Luciani
541 2304 765 2357 monuerat)
780 2303 826 2343 ad
840 2319 861 2343 2
879 2304 946 2356 Ep.
961 2304 1009 2342 ad
1023 2302 1201 2343 Corinth.
1213 2301 1308 2350 XII,

49 2371 115 2406 12,
129 2359 194 2398 ubi
208 2358 348 2398 reiecta
363 2359 521 2411 vulgata
532 2357 708 2399 versione
723 2370 769 2397 ac
783 2357 912 2398 Grotii
926 2356 1182 2410 expositione,
1197 2356 1310 2409 Apo-

45 2412 131 2453 stoli
145 2412 262 2452 verba
272 2442 283 2461 ,
301 2425 400 2464 quae
414 2422 544 2458 erant,
570 2407 678 2451 αὐτοὶ
701 2412 736 2451 ἐν
749 2410 896 2452 ἑωυτοῖς
910 2410 1062 2451 ἑωυτοὺς
1071 2408 1310 2462 μετροῦντες,

47 2463 100 2506 stc
113 2467 288 2520 exponit:
310 2481 334 2500 ιι
346 2466 546 2518 intrasuam
557 2466 777 2506 conditionem
791 2465 826 2504 δ’
841 2465 1019 2517 fhrtunam
1026 2464 1065 2515 se
1078 2466 1260 2508 continere,
1268 2462 1309 2514 se

49 2536 92 2561 ex
93 2520 172 2571 suis
177 2520 405 2571 facultatibus
414 2520 448 2559 δ’
458 2521 591 2560 dotibus
601 2520 781 2574 aestimare,
794 2535 860 2560 non
869 2519 950 2573 plus
951 2519 1018 2571 fibi
1030 2529 1198 2569 arrogare,
1208 2532 1307 2570 quam

155 2575 299 2614 Lucian.
332 2574 409 2615 Vol.
442 2577 479 2614 V
476 2575 498 2612 I
499 2604 507 2615 .
982 2569 1026 2614 D
1042 2572 1065 2611 d
