1764 3419
439 216 532 265 442
640 206 1503 260 ANNOTATIONES

443 293 671 346 plerumque
694 295 876 349 fignificat
895 298 997 345 vivo,
1011 297 1136 348 verfim
1152 301 1231 351 dego
1242 313 1259 345 ;
1272 299 1432 338 dubitari
1454 311 1532 338 non
1554 299 1701 352 potest;

439 348 537 397 quin
552 348 591 387 &
609 361 745 388 natura
761 349 824 389 sua
839 349 1020 403 significet
1030 352 1190 402 dispono,
1201 353 1339 397 ordino,
1351 367 1522 404 compono,
1541 353 1701 405 discepto,

442 401 485 439 δι
500 399 609 453 saepe
623 403 660 440 in
673 415 717 441 ea
732 402 1004 466 significatione
1019 404 1229 455 usurpetur.
1245 405 1384 444 Noster
1400 409 1441 444 inv
1459 406 1644 445 Abdicato
1665 416 1701 444 ε’.

444 455 577 500 11‚''Hv
591 454 638 494 δέ
650 471 749 495 τινες
761 459 905 495 ἑκόντες
918 452 1023 495 αὗτοὶ
1038 457 1238 496 συνθῶνται
1253 457 1464 504 δικαστὰς,
1478 458 1541 497 καὶ
1555 460 1703 510 προελό-

440 521 546 557 μενοι
566 509 798 560 {stapedum
815 509 983 558 stam-eir.
1007 509 1244 562 Perspicuum
1264 511 1317 550 est
1329 512 1443 562 ‚quid
1459 512 1520 551 hic
1532 509 1575 550 sit
1597 511 1702 558 διιιε

440 559 528 609 τξίν,
541 574 676 611 nempe
697 563 873 614 ‹szfieptare
885 593 895 609 ,
908 563 1098 615 cognoscere
1112 565 1260 614 causam.
1275 564 1335 603 Sic
1347 565 1447 617 apud
1463 563 1700 615 Dionysium

441 613 532 652 Hal.
553 615 616 652 lib.
634 614 691 654 lv
706 615 949 669 Ἀρχαιολογ.
971 616 1158 655 δικασταὶ
1182 617 1410 668 καθεζόμενοι
1432 617 1578 667 διῄτων.
1603 618 1702 658 Hinc

443 665 559 705 iudex
576 667 702 719 paffim
720 668 924 708 stanni&
938 669 1082 717 dicitur,
1096 670 1136 710 &
1149 669 1288 709 siam
1309 683 1388 710 non
1405 683 1493 710 raro
1506 671 1676 710 arbitrium
1689 700 1703 718 ,

443 720 601 759 iudicium
620 731 745 760 notat:
759 721 809 761 sic
827 723 925 773 apud
939 722 1120 762 Nostrum
1140 724 1177 761 in
1198 723 1317 762 Deor.
1339 723 1391 762 D.
1411 725 1485 763 XX
1498 754 1508 770 ‚
1529 724 1703 776 'stuppi-

443 782 502 811 ter
516 774 788 815 contendentes
805 776 850 815 de
863 774 1009 815 formae
1025 775 1246 827 praestantia
1258 788 1333 816 tres
1347 777 1451 816 Deas
1465 779 1509 816 ad
1522 777 1630 816 Parin
1647 790 1706 817 re-

440 824 570 865 ficiens
580 857 589 873 ,
606 827 683 881 ἐγὼ
696 828 740 866 δὲ
754 859 767 874 ,
777 829 899 880 inquit
910 859 923 875 ,
935 829 1154 879 ἀπωθοῦμαι
1166 829 1233 868 τὴν
1252 829 1417 869 δίαιταν·
1435 831 1475 870 &
1490 831 1624 870 iterum
1638 844 1704 870 ea·

442 879 527 918 dem
545 893 626 933 pag.
642 877 720 920 οὔδ’
732 882 775 922 ἂν
791 881 953 935 δ’Ἀρηςὸ
970 884 1051 928 σὸς,
1072 884 1125 922 ait
1142 881 1240 922 Iuno
1256 884 1417 930 Veneri,
1431 883 1623 935 ἐπιτραπῇ
1635 884 1704 924 τὴν

440 932 610 973 διαιταν.
625 935 734 974 Adde
744 966 758 982 ‚
769 948 867 987 quae
879 936 990 975 habet
1006 937 1055 975 H.
1068 936 1284 989 Stephanus
1296 967 1308 984 ‚
1321 938 1388 988 qui
1405 939 1500 976 inter
1512 937 1584 976 alia
1599 938 1702 977 hunc

441 999 490 1026 ex
503 987 734 1039 Thucydide
757 988 933 1028 disertum
957 988 1067 1028 affert
1089 990 1246 1036 locum,
1261 993 1323 1029 καί
1338 1005 1396 1030 τοι
1421 992 1554 1029 πολλὰ
1572 990 1640 1040 μὲν
1664 990 1705 1030 ἐς

441 1039 549 1079 &enias
563 1041 703 1091 νόμιμα
716 1041 919 1093 ὃιῄτημοιι,
934 1045 1062 1081 πολλὰ
1080 1043 1117 1082 δ’
1131 1043 1169 1082 ἐς
1185 1044 1387 1095 ἀνθρώπους
1404 1043 1541 1082 sime«.
1561 1044 1625 1083 κει)
1641 1044 1706 1083 ἀν·

440 1093 625 1144 επίφθοναι
658 1096 733 1135 Hic
756 1095 914 1145 ἓιοιιτᾷν
937 1095 990 1135 est
1012 1097 1258 1149 administrare,
1277 1098 1449 1144 ordinare,
1467 1097 1577 1149 plane
1598 1108 1641 1136 ut
1662 1098 1703 1138 in

441 1146 598 1187 Luciani
617 1149 728 1195 loco,
742 1163 822 1201 quo
835 1151 880 1189 de
899 1150 1055 1202 agimus.
1070 1150 1225 1202 Legitur
1245 1161 1370 1190 autern
1393 1151 1493 1203 apud
1503 1151 1706 1202 Thucydi-

442 1200 527 1239 dem
541 1200 774 1252 ὃεὸιῇτιιμαι
790 1216 862 1255 pro
877 1203 1056 1251 Σιέττηκα.
1069 1204 1169 1243 Vide
1181 1203 1227 1244 sis
1237 1232 1248 1247 ,
1261 1217 1360 1256 quae
1373 1203 1484 1257 supra
1497 1205 1542 1243 ad
1558 1203 1705 1244 Tom.1

443 1254 490 1293 de
509 1254 577 1295 usu
601 1255 857 1306 perfeetorum
883 1257 918 1295 in
934 1256 1089 1299 ,Paffivo
1110 1258 1207 1308 apud
1229 1257 1404 1298 Graecos
1420 1257 1707 1310 disputavimus.

439 1306 547 1347 lst.
565 1309 820 1361 (ὃεὸιῂτημιιι
839 1310 974 1360 legitur
988 1311 1025 1348 in
1037 1310 1218 1362 Thucyd.
1232 1311 1272 1350 &
1287 1311 1413 1363 Steph.
1428 1311 1572 1350 Rerrz.
1588 1311 1605 1364 )
1628 1311 1712 1351 Ra.

442 1363 522 1401 rior
536 1365 623 1402 usus
638 1365 743 1403 verbi
755 1363 913 1414 startglv
927 1365 964 1402 in
979 1364 1040 1402 tali
1055 1377 1096 1404 re
1110 1365 1260 1404 videtur
1273 1364 1453 1404 induxiffe
1466 1366 1593 1404 virum
1607 1363 1707 1404 sum-

442 1429 547 1455 mum
563 1446 574 1461 ,
598 1416 834 1464 Graevfflm,
862 1430 906 1456 ut
929 1417 1070 1469 aliquid
1091 1417 1152 1457 hic
1172 1419 1312 1457 mutari
1337 1418 1462 1458 vellet.
1493 1417 1555 1458 Est
1576 1429 1705 1458 autem

440 1468 599 1519 ὃιαιτςῖν
615 1483 741 1521 aequo
751 1471 907 1510 arbitrio
918 1483 996 1510 rem
1010 1471 1173 1524 aliquam
1187 1473 1361 1512 tranare.
1371 1471 1513 1519 Suidas,
1525 1471 1707 1519 ὃισιιτῶν,

441 1522 619 1573 δικάζων.
633 1524 696 1562 καὶ
710 1523 936 1572 ἓιιιιτῶνβὸ
950 1539 1026 1564 ισον
1040 1527 1166 1575 νέμων.
1182 1525 1462 1565 Convenerunt
1481 1526 1552 1565 viri
1565 1526 1611 1564 ad
1626 1537 1708 1566 cet·-

444 1577 607 1615 nendam
632 1577 949 1630 dividendamque
969 1591 1018 1618 ex
1039 1591 1187 1632 aequo,
1203 1580 1243 1619 &
1257 1590 1394 1618 mutuo
1408 1578 1511 1632 quasi
1527 1579 1707 1628 arbitrio,

441 1629 698 1671 hereditatem.
715 1631 902 1672 Iudicialis
919 1632 979 1671 illa
1002 1631 1224 1684 significatio
1238 1633 1481 1686 pervulgata:
1501 1632 1561 1672 sed
1581 1631 1708 1680 usum,

440 1683 533 1723 huic
547 1684 705 1724 Luciani
719 1686 758 1725 δι
780 1684 916 1725 Suidae
937 1687 1075 1725 rationi
1097 1686 1207 1739 plane
1219 1685 1377 1724 similem
1391 1687 1564 1732 ,aliunde
1583 1686 1709 1726 adhuc

442 1736 586 1777 firmari
609 1738 723 1778 velim
735 1770 748 1787 ‚
766 1739 812 1779 de
825 1752 907 1792 quo
926 1752 995 1779 nec
1010 1739 1154 1779 dubito.
1170 1739 1293 1780 GESN.
1314 1739 1469 1780 Prorsus
1483 1740 1530 1778 ab
1550 1739 1708 1779 Luciani

442 1804 572 1831 mente
590 1792 642 1832 est
660 1793 823 1832 alienum
835 1823 847 1839 ,
866 1793 971 1846 quod
989 1792 1134 1834 Graev.
1148 1792 1335 1832 substituit
1347 1822 1359 1839 ‚
1373 1791 1649 1839 ἀπαιτοῦντες,
1663 1793 1706 1833 &

443 1845 601 1898 vulgata
623 1846 737 1886 leffio
760 1848 924 1886 omnino
948 1848 1083 1886 melior
1103 1846 1168 1886 est.
1194 1847 1285 1886 Non
1305 1847 1405 1886 enim
1425 1847 1582 1886 aderant
1605 1847 1709 1886 Are-

442 1909 550 1939 taeus
568 1899 610 1939 δι
625 1899 885 1948 Charixenus,
906 1911 948 1940 ut
968 1899 1105 1952 aliquid
1125 1900 1278 1952 petituri
1299 1911 1365 1940 aut
1387 1911 1529 1953 partem
1545 1900 1708 1940 ablaturi

445 1965 494 1991 ex
516 1953 745 2002 hereditate;
771 1966 895 2006 neque
915 1954 1015 1993 enim
1037 1954 1072 1992 id
1089 1954 1135 1993 ab
1158 1954 1312 1993 homine
1335 1966 1523 2006 paupere,
1542 1953 1606 1993 vel
1621 1964 1711 1994 ante

444 2018 617 2058 apertum
645 2007 908 2047 testamentum
941 2006 1160 2058 sperabam
1183 2020 1308 2060 neque
1334 2009 1432 2054 iam,
1453 2008 1542 2047 dum
1575 2019 1708 2047 accur·

441 2071 560 2105 runt,
576 2061 810 2112 incognitum
828 2060 1037 2100 testamenti
1058 2061 1105 2099 ab
1118 2061 1287 2100 Luciano
1307 2060 1480 2100 statuitur
1500 2073 1708 2114 argumen-

442 2123 552 2161 tum3
571 2126 697 2165 neque
712 2114 808 2153 adeo
819 2126 960 2160 narrat,
972 2115 1126 2166 quando
1146 2115 1182 2154 id
1205 2113 1319 2154 fuerit
1333 2126 1532 2167 apertum3
1554 2113 1613 2155 sed
1627 2113 1704 2165 ipse

442 2166 524 2206 eius
539 2177 721 2207 contenta
739 2169 812 2207 iam
835 2169 1023 2207 narrando
1047 2167 1241 2221 patefecit,
1259 2169 1372 2221 idque
1389 2169 1463 2206 iam
1478 2167 1705 2217 innotuisse,

443 2219 588 2260 disertis
603 2222 731 2261 verbis
745 2222 951 2274 praemittit
964 2251 974 2266 ,
993 2220 1187 2274 risumque
1201 2222 1368 2262 aliorum
1389 2220 1538 2261 insueto
1558 2222 1707 2274 legandi

441 2285 552 2313 more
565 2275 693 2314 audito
711 2286 890 2314 exortum
913 2286 1202 2315 commemorat.
1224 2275 1448 2315 Adveniunt
1468 2275 1584 2327 igitur
1604 2277 1713 2315 here-

443 2327 577 2367 desisti
599 2328 644 2368 de
663 2341 781 2369 onere
801 2328 866 2367 fibi
886 2328 1065 2382 imposito
1084 2330 1159 2368 iam
1175 2327 1319 2375 edoffi,
1338 2341 1417 2368 non
1438 2328 1547 2368 lucro
1560 2328 1711 2368 inhian-

443 2390 523 2429 τες,
546 2394 683 2421 verum
709 2383 894 2422 amicitiae
921 2395 1134 2431 memores,
1156 2383 1197 2423 δι
1216 2395 1316 2422 onus
1336 2393 1471 2422 contra
1495 2382 1600 2435 vulgi
1620 2382 1708 2434 opi-

444 2434 600 2474 nionem
619 2434 843 2488 suscepturi;
864 2448 945 2489 quo
961 2436 1186 2476 narrationis
1206 2435 1275 2476 filo
1288 2435 1521 2481 observato,
1541 2435 1704 2476 Verbum

441 2486 598 2543 ὃιοιιτᾷν
624 2489 676 2531 est
697 2488 950 2545 aptissimum,
978 2490 1084 2544 quod
1104 2506 1153 2531 res
1172 2490 1343 2539 ordinare,
1361 2489 1571 2543 constituere,
1593 2488 1707 2542 dispog
