1764 3419
464 215 558 275 4&
657 203 1519 260 ANNOTATIONES

521 285 608 355 Pasg.
627 315 641 340 1
654 314 667 339 1
678 316 711 340 2.
725 303 747 340 l.
765 316 779 340 1
789 316 822 351 4.
832 299 902 340 Τοῦ
914 300 1129 353 τράχωνος)
1142 301 1182 339 Id
1195 299 1262 347 est,
1275 299 1442 353 asperam
1456 301 1662 352 regionem.
1677 301 1714 344 Α

463 354 618 409 ’Τράχων
635 354 688 394 est
704 356 953 406 Τραχωνῖτις,
971 353 1231 393 subintellefio
1243 352 1305 406 γῆ.
1326 354 1495 394 GUYET.
1518 355 1602 393 Vid.
1623 354 1716 392 Ἶστ.

463 410 489 454 β
501 439 512 454 ,
530 422 609 460 αφ.
631 423 691 460 30,
704 410 803 447 unde
817 408 931 447 disces
941 439 951 455 ‚
974 420 1053 447 non
1065 407 1137 447 effe
1151 419 1291 446 nomen
1302 407 1424 454 urbis,
1442 407 1544 458 quod
1556 407 1714 446 Eral'tno

463 462 585 501 fraudi
605 460 686 500 fuit.
710 463 864 501 somn.
886 460 954 500 Τοῦ
966 462 1161 514 Τράχωνος
1180 460 1318 500 unciali
1331 463 1358 497 T
1373 461 1589 499 inchoatum
1603 460 1717 498 habe-

466 516 559 554 bant
572 516 652 553 edd.
669 515 773 567 quasl
789 527 929 554 nomen
945 517 1141 567 proprium
1154 513 1265 561 effet,
1289 513 1325 552 id
1348 524 1553 567 praeeunte
1573 513 1716 553 solano

468 569 618 607 mutavi
633 570 671 606 in
685 573 753 607 nac
765 569 822 607 ed.
844 569 984 607 RHTz.

522 622 611 673 Pag.
625 635 638 658 1
653 634 665 658 1
674 637 707 668 4.
719 623 742 659 l.
756 612 940 674 2f'H543w)
952 622 1034 659 Par.
1047 615 1162 670 {icum
1174 619 1318 673 ριιηξὶο
1327 619 1549 672 subscripto:
1562 618 1638 659 fine
1649 618 1717 660 illo

466 675 523 711 fl.
537 676 566 711 I.
577 674 629 711 H.
643 677 681 712 S.
692 674 840 713 Omnes
854 685 979 714 tamen
991 673 1184 713 discretim.
1200 673 1302 712 Alibi
1313 672 1406 722 ἥμην
1418 673 1599 720 iunfflm3
1617 683 1719 711 tum-

466 740 544 777 que
557 725 766 778 fignificare
778 729 915 767 volunt
930 730 1024 767 haud
1035 729 1129 766 dubie
1139 743 1154 774 ;
1175 728 1278 779 prius
1291 739 1388 766 vero
1399 726 1473 766 effe
1484 726 1629 766 iurandi
1641 725 1719 765 for-

469 781 623 833 mulam.
635 781 704 819 Sed
718 783 801 833 quis
813 794 890 821 non
903 783 1017 828 videt,
1028 794 1167 820 vanam
1183 782 1279 820 hanc
1288 779 1361 819 effe
1375 778 1651 819 differentiam?
1669 779 1716 819 Et

468 833 570 873 reete
588 836 604 872 ἡ
621 848 692 883 μην
706 836 885 887 disiungi,
903 837 944 876 &
955 836 1068 874 ’όντως
1082 833 1310 886 fignificare,
1326 833 1409 872 satis
1420 834 1548 873 docuit
1564 833 1660 873 Bud.
1678 834 1717 872 in

468 886 691 928 Comment.
707 902 742 941 p.
762 902 834 940 5²0
849 888 871 927 f.
887 890 926 927 δι
943 901 1026 939 52¹·
1047 889 1192 927 Rerrz.

525 941 614 994 Pag.
631 954 644 978 1
657 941 713 980 16.
728 943 751 980 l.
767 943 802 982 6.
825 941 1044 992 Ὁμὸσκευος
1058 942 1120 981 καὶ
1135 940 1377 994 ὁμόγλωττος
1387 938 1464 978 τοῖς
1472 938 1639 978 Ἀλανοῖς
1651 939 1719 993 ὢν)

467 993 647 1033 Erasmus
656 1024 668 1041 ,
689 997 797 1035 eodem
815 997 929 1041 cultu,
954 999 1124 1048 eademque
1144 1010 1220 1034 cum
1243 995 1369 1034 Alanis
1389 993 1517 1044 lingua.
1541 992 1612 1032 Sed
1631 992 1718 1042 ὅμό-

469 1061 601 1086 σκευος
614 1048 684 1093 est,
698 1051 763 1101 qui
777 1051 913 1089 eodem
931 1061 1067 1101 genere
1082 1061 1278 1088 armorum
1294 1048 1428 1093 uritur,
1449 1058 1491 1086 ut
1502 1047 1600 1099 apud
1610 1046 1722 1086 Thu·

467 1102 657 1151 cydidem.
671 1096 819 1155 Ὅμηροι
831 1104 906 1141 τοῖς
922 1102 1077 1141 Σκύθαις
1091 1101 1297 1152 ὁμόσκευος,
1319 1100 1431 1152 iisdem
1442 1101 1545 1138 armis
1565 1111 1720 1149 utuntur,

467 1156 590 1208 quibus
603 1158 764 1208 Scythae.
783 1157 900 1196 Σκεὺη
914 1155 1070 1196 Graecis
1085 1155 1192 1208 saepe
1205 1154 1291 1194 sunt
1306 1167 1421 1193 arma.
1438 1153 1612 1194 GRAEV.

525 1211 600 1247 ead.
620 1211 642 1248 l.
669 1223 726 1261 15.
748 1210 823 1258 Ἀφ’
845 1208 1034 1262 αἳματος)
1063 1208 1326 1261 Belgicismum
1351 1207 1505 1246 similem
1530 1219 1618 1246 cum
1645 1205 1721 1247 hoc

469 1261 694 1302 Graecismo
707 1276 904 1316 comparat
916 1263 1030 1302 frater
1043 1263 1160 1302 cariss'.
1172 1262 1221 1302 G.
1235 1261 1287 1301 O.
1301 1262 1424 1301 Reitz.
1437 1262 1474 1299 in
1490 1260 1594 1314 Belg.
1605 1260 1724 1301 Grae-

468 1314 547 1355 ciff.
564 1330 598 1368 p.
613 1331 704 1367 427,
719 1317 882 1357 adduEio
897 1318 970 1358 hoc
982 1317 1140 1356 Luciani
1153 1316 1242 1356 loco
1254 1345 1266 1361 ,
1278 1316 1321 1356 δι
1332 1315 1490 1354 Homer.
1503 1314 1545 1354 ll.
1559 1319 1586 1353 Ζ
1596 1343 1611 1360 ,
1628 1327 1720 1362 211,

468 1369 615 1409 Ταύτης
633 1385 691 1409 τοι
705 1371 836 1424 γενέης
850 1385 893 1410 τε
909 1373 972 1410 καὶ
984 1370 1148 1420 οιϊμοιτος
1164 1369 1206 1421 ἐξ
1222 1369 1309 1419 ἑμεὺ
1322 1367 1511 1407 εὶσι.Ιῑειπ
1522 1371 1563 1416 Τ,
1580 1380 1718 1419 105,—

468 1421 530 1461 o‘t'e’
543 1422 707 1473 αἰμοιτος
730 1425 770 1476 ἐξ
793 1425 883 1474 ἑμεύ
899 1425 988 1469 εἰσι,
1013 1424 1078 1463 ubi
1098 1422 1289 1463 Scholiast.
1309 1419 1474 1460 &ml-1013
1491 1423 1724 1471 σπέρματος,

467 1478 612 1530 γένους.
625 1478 819 1530 Additque
833 1479 1048 1517 adeundum
1063 1477 1201 1516 Elsner.
1217 1475 1264 1516 ad
1278 1475 1364 1516 Αᾶ.
1375 1474 1645 1526 Apost.XV1l‚
1661 1473 1725 1514 26.

467 1531 562 1582 (qui
578 1532 675 1570 idem
697 1532 848 1572 duobus
869 1533 938 1571 illis
951 1532 1049 1572 locis
1069 1531 1260 1584 prioribus
1280 1529 1447 1582 probat.)
1473 1529 1567 1568 Item
1581 1527 1723 1568 Wolfii

467 1595 581 1623 curas
593 1616 604 1632 ,
630 1585 675 1623 ad
694 1585 1014 1640 Evang.10an.1,
1030 1599 1089 1638 13.
1112 1583 1222 1624 Plura
1241 1583 1439 1630 adderem,
1463 1581 1530 1621 nist
1544 1594 1604 1622 res
1621 1580 1723 1622 foret

466 1649 572 1676 nota.
601 1639 745 1678 Rmrz.

524 1692 612 1743 pag.
628 1706 642 1731 1
655 1707 711 1743 17.
725 1694 750 1732 l.
763 1707 798 1746 9.
808 1692 995 1732 Ἐτέλεσεν
1010 1691 1070 1745 ἐκ)
1085 1691 1250 1732 Subaudi
1265 1689 1358 1730 ὃὲὂν.
1371 1690 1426 1729 Ἐς
1441 1689 1633 1740 Φάρσαλον
1646 1688 1723 1727 ἑτέ-

469 1755 573 1792 λεσε,
600 1747 802 1798 Pharfidum
821 1747 978 1801 pervenit.
991 1746 1174 1797 Thucyd.
1194 1745 1211 1798 (
1229 1746 1298 1791 lV,
1315 1743 1401 1795 78.)
1422 1743 1590 1784 GUYET.
1608 1741 1722 1783 Adde

468 1799 651 1839 Nostrum
662 1801 763 1840 Tim.
773 1801 789 1851 §
802 1814 865 1846 20,
873 1799 994 1840 τελεῖν
1001 1800 1064 1839 ἐπὶ
1073 1803 1116 1838 τὶ
1125 1801 1256 1851 τέρμα..
1272 1799 1317 1837 Et
1328 1797 1455 1850 paffim
1465 1797 1565 1837 alibi.
1575 1796 1723 1837 REITz.

525 1854 615 1906 Pag.
633 1868 645 1891 1
657 1869 671 1893 1
681 1854 714 1893 8.
728 1856 751 1894 l.
767 1869 800 1894 1.
817 1854 962 1905 Ὅσαι-ες
975 1852 1050 1895 ἂνῆ
1065 1852 1261 1906 ἀριστερὰ)
1288 1852 1353 1891 An
1366 1850 1492 1902 ὥσπερ
1504 1850 1551 1891 ἐὶν
1565 1849 1628 1892 siti
1646 1851 1722 1903 ἀρι-

469 1911 587 1959 στερὰ
604 1908 678 1948 διε.
701 1909 866 1949 GUYET.

521 1964 594 2000 ead.
610 1963 632 2000 t.
651 1977 709 2016 13.
724 1958 887 2008 Εὐβίοτος
901 1957 938 2000 οὗ
957 1959 1064 2013 μετ’)
1076 1959 1294 1999 Delendum
1307 1959 1461 1998 videtur
1477 1954 1528 1997 οὗ.
1548 1957 1718 2009 Gustu,

467 2012 585 2054 Certe
596 2016 820 2055 alterutrum
842 2013 1052 2055 neceffario·
1062 2014 1278 2053 delendum:
1305 2013 1440 2052 eodem
1461 2024 1587 2052 tamen
1603 2012 1697 2051 redit
1708 2041 1723 2059 ‚

467 2080 561 2106 num
584 2070 673 2119 μετ’
692 2067 730 2108 οὖ
751 2069 851 2108 πολὺ
875 2069 976 2121 legas
997 2081 1084 2107 cum
1105 2067 1190 2118 Bafi
1205 2079 1252 2106 an
1271 2063 1307 2105 οὗ
1322 2068 1427 2116 μετὲο
1444 2065 1540 2106 πολὺ
1559 2078 1648 2106 cum
1667 2066 1724 2106 FL-

468 2134 587 2174 quam
602 2122 719 2162 secuti
732 2122 858 2163 sumus
870 2134 912 2161 ut
923 2122 1188 2174 antiquiorem.
1206 2121 1349 2160 ΚΕΗ-Ζ.
1524 2140 1525 2143 =
1719 2133 1722 2138 ·

523 2178 594 2214 ead.
609 2177 632 2216 l.
651 2190 708 2225 14.
723 2174 774 2216 Οὗ
790 2179 898 2226 μετὰ
908 2175 1024 2227 πολὺ)
1051 2175 1112 2215 Sic
1125 2176 1178 2213 Fl.
1192 2174 1378 2226 Reliquae
1389 2173 1469 2213 edd.
1490 2174 1532 2214 &
1544 2172 1620 2226 ipse
1629 2173 1669 2213 P.
1682 2168 1724 2213 οὗ

469 2229 558 2278 μετ’
578 2226 616 2268 οὐ
635 2229 745 2270 πολύ·
766 2229 835 2270 nifi
855 2230 959 2282 quod
978 2230 1023 2268 B.
1039 2242 1072 2268 2.
1086 2230 1172 2280 μετ’
1185 2225 1223 2268 οὗ
1239 2227 1337 2268 πολὺ
1356 2228 1511 2275 habeat,
1531 2227 1636 2281 quod
1659 2239 1727 2281 ge-‚

466 2284 629 2323 nuinum
650 2283 799 2324 censeo.
824 2283 980 2323 SOLAN.

522 2337 614 2391 Pag.
637 2351 651 2376 1
663 2351 721 2390 19.
732 2339 755 2377 l.
771 2353 805 2391 3.
825 2333 1058 2389 Αὖτοτελεῖς)
1080 2336 1162 2375 Suis
1169 2335 1341 2388 sumtibus
1353 2336 1511 2375 viventes.
1529 2334 1696 2375 GUYET.
1718 2352 1720 2354 ·

525 2395 600 2430 ead.
613 2391 637 2430 1.
648 2405 684 2445 9.
708 2391 766 2431 Εἰς
776 2391 843 2431 8130
854 2391 1033 2443 Ᾰίεκὸπη)
1052 2391 1163 2429 Hanc
1182 2389 1330 2441 phrasin
1342 2391 1482 2443 probat
1495 2400 1630 2428 contra
1644 2387 1726 2428 Ga-

470 2443 643 2484 zakerum
666 2444 841 2485 Elsnerus
859 2445 904 2484 ad
928 2445 1077 2497 Evang.
1101 2445 1224 2485 Marc.
1244 2444 1419 2497 XV,38‚
1441 2442 1505 2482 ubi
1523 2442 1727 2488 habemus,

470 2498 536 2538 noel
550 2502 591 2540 ‘tia
602 2499 900 2553 καταπέτασμα
916 2496 982 2539 τοῦ
998 2496 1083 2540 mo
1097 2497 1265 2553 ἐσχίσθη
1287 2497 1337 2540 εἰς
1348 2496 1428 2539 δύο.
1447 2497 1494 2554 Et
1506 2496 1583 2539 hoc
1595 2496 1729 2540 Lucia-s
