1764 3419
395 232 490 290 406
609 229 1471 279 ANNOTATIONES

396 318 481 358 dem
499 317 516 369 §
538 332 582 359 12
603 329 730 359 tamen
756 317 975 371 ηὐφραίνετο
995 320 1118 372 legas,
1140 319 1252 373 idque
1265 334 1385 374 aeque
1400 322 1437 361 in
1459 322 1516 362 ed.
1533 323 1659 375 Steph.

395 385 432 425 p.
454 386 505 420 44
523 371 548 415 f.
569 371 609 412 &
628 387 675 425 45
699 387 753 425 pr.
775 385 889 425 atque
905 373 943 411 in
962 373 1052 413 aliis.
1077 373 1218 414 Similia
1239 373 1306 414 τοῦ
1325 375 1512 427 κέκρυπτο
1531 377 1661 429 postea

396 438 475 466 non
492 425 604 465 semel
617 438 834 466 occurrent.
856 427 1002 466 Rm‘rz.

452 483 524 518 ead.
539 480 562 518 l.
577 493 591 517 1
601 494 634 518 2.
647 479 715 519 Τὴν
727 477 841 532 χεῖρα.
856 478 1058 532 ἐπισείειν)
1069 479 1129 520 Sic
1143 478 1240 533 supr.
1254 480 1360 521 Σκυθ.
1375 494 1408 521 c.
1423 481 1491 521 ult.
1503 481 1660 522 SOLAN.

452 534 541 585 Pag.
566 546 625 584 31·
638 532 661 570 l.
679 547 712 585 3.
732 531 945 585 Προθεῖναι)
961 533 1072 572 Hanc
1091 533 1203 573 etiam
1227 546 1365 574 vocem
1379 563 1389 582 ,
1411 547 1511 588 quae
1527 547 1665 588 perpe-

397 600 480 627 ram
494 587 530 624 in
543 585 720 625 omnibus
733 585 897 625 habebat
909 615 921 631 ‚
942 586 1183 635 mutavimus.
1198 587 1306 640 Quid
1318 589 1421 627 enim
1435 600 1538 637 erat,
1554 589 1660 642 quod

399 637 661 694 praeferebant
683 638 920 690 προσδεῖναη
941 640 1098 679 SOLAN.

452 693 525 730 ead.
538 692 561 729 l.
574 691 610 730 8.
619 691 930 745 “remotum‘Su
937 707 992 745 pr.
1003 693 1138 733 Amor.
1150 707 1182 734 c.
1200 694 1264 739 26,
1275 695 1353 732 ἄπο
1364 694 1434 734 τῶν
1443 694 1664 746 βοστρύχων

398 744 465 785 τιῖς
479 743 643 790 κεφαλῆς
659 742 778 785 ἕλικες
791 743 969 785 ὑακίνθοις
986 749 1029 784 το
1042 749 1157 786 καλὴν
1171 745 1334 786 ἀνθοῦσιν
1347 748 1468 798 ὅμοιαι.
1484 749 1634 788 ΒΗΤΖ.
1666 763 1668 765 ’

454 800 544 851 Pag.
559 812 619 850 32.
632 799 655 838 l.
672 813 686 837 1
699 813 730 838 1.
747 799 1009 854 Παραθεωρεῖν)
1030 799 1146 841 Conf.
1167 800 1273 853 Nigr.
1292 813 1324 840 c.
1344 814 1412 847 10,
1432 801 1532 854 (iam
1548 801 1564 851 §
1583 801 1665 855 20)

399 852 440 894 &
459 852 605 892 Herod.
619 865 650 892 c.
666 852 717 892 80
730 854 805 893 ἃς.
819 854 977 894 Sol-AN.

453 909 525 945 ead.
541 906 565 945 l.
583 918 597 943 1
607 920 640 945 2.
657 907 725 944 Καὶ
772 908 817 958 ic?
831 899 886 946 αδ
894 906 911 959 )
923 906 987 946 An
1002 907 1066 946 md
1079 908 1162 958 ’γὰρ
1174 901 1217 946 εὖ
1225 923 1236 954 ;
1249 906 1418 947 Gunr.
1431 907 1524 947 Non
1536 907 1664 948 absur-

399 960 446 997 da
471 959 625 1012 quidem
646 958 699 1000 est
766 961 875 1015 uyeti
899 961 1146 1008 coniectura3
1176 961 1265 999 nihil
1290 971 1417 1000 tamen
1442 962 1482 1000 in
1506 962 1663 1015 vulgata

399 1015 655 1053 mutaverim:
677 1025 763 1053 nam
778 1016 827 1053 αὑ
850 1014 1036 1053 interdum
1056 1014 1109 1053 est
1127 1014 1205 1054 fere
1223 1013 1388 1053 otiosum
1401 1043 1412 1059 ,
1433 1027 1475 1053 ut
1495 1016 1574 1055 vid.
1588 1016 1668 1056 Bu-

399 1066 480 1105 daei
495 1066 715 1106 Comment.
735 1080 818 1119 pag.
832 1066 910 1118 487
923 1067 946 1107 f.
962 1067 1037 1107 Etsi
1051 1068 1124 1107 hoc
1138 1079 1179 1106 ut
1194 1067 1304 1106 nimis
1317 1068 1540 1120 generaliter
1554 1069 1602 1107 ab
1614 1082 1666 1110 eo

401 1119 544 1163 dicium
558 1119 696 1160 refutat
709 1121 840 1173 Viget.
855 1120 900 1160 de
918 1121 1047 1174 partic.
1066 1136 1102 1175 p.
1124 1134 1206 1161 100.
1222 1121 1276 1160 At
1292 1135 1391 1172 porro
1404 1122 1463 1161 hic
1481 1121 1665 1174 significa-

397 1186 441 1213 re
464 1175 668 1213 commode
694 1174 814 1227 potest
830 1189 842 1223 3
866 1173 943 1214 sine
963 1174 1090 1214 sensus
1113 1174 1341 1214 detrimento
1365 1186 1492 1215 tamen
1516 1175 1662 1216 abeffe:

399 1240 537 1267 verum
553 1229 598 1267 ad
615 1240 816 1268 numerum
830 1228 1046 1268 oratorium
1059 1227 1160 1268 facit.
1174 1228 1308 1268 Eiicias
1319 1229 1421 1268 enim
1434 1259 1444 1275 ,
1459 1229 1501 1268 δι
1516 1230 1664 1269 videbis

396 1281 519 1321 verba
534 1281 702 1334 asperius
715 1281 860 1322 sonare.
879 1281 1076 1334 Quamvis
1091 1282 1178 1321 alibi
1192 1296 1255 1336 naq
1269 1283 1351 1334 γὰρ
1371 1283 1434 1321 καὶ
1454 1284 1667 1336 coniunge-

399 1347 442 1373 re
459 1346 580 1383 amat3
601 1333 660 1374 sed
685 1335 725 1374 &
747 1336 855 1374 Alex.
883 1336 898 1385 §
922 1350 992 1384 24,
1015 1336 1079 1375 καὶ
1097 1338 1175 1389 γᾶς
1199 1337 1248 1374 αὑ
1267 1336 1331 1374 καὶ
1351 1331 1469 1375 οὗτος.
1491 1336 1586 1376 Ibid.
1613 1337 1665 1376 28

398 1401 456 1440 pr.
472 1389 536 1427 καὶ
551 1390 630 1441 γὰρ
644 1386 697 1428 αὖ
709 1387 775 1427 καὶ
797 1387 904 1428 τοῦτο
925 1391 1155 1442 σοφώτατον.
1170 1389 1308 1442 Quare
1323 1389 1398 1428 iam
1413 1399 1524 1429 tanto
1538 1390 1663 1432 minus

399 1441 566 1492 Guyeto
581 1441 767 1482 assentior.
781 1443 926 1482 REITz.

453 1500 528 1534 ead.
543 1496 568 1534 l.
588 1509 643 1544 14.
659 1496 938 1549 Κασσιέπειαν)
951 1496 1053 1535 Vide
1064 1497 1175 1548 Ὀρχ.
1190 1509 1223 1536 c.
1237 1510 1300 1544 44.
1314 1496 1471 1537 SOLAN.

385 1577 388 1580 »
454 1549 544 1600 Pag.
565 1563 620 1602 33.
633 1549 655 1587 l.
676 1548 806 1597 14⁰05
819 1548 880 1588 τοῦ
894 1549 1160 1603 ἀρχιτέκτονος
1172 1545 1477 1601 ὑπισχνουμένου
1492 1550 1663 1591 τὶνἊΘω

400 1601 496 1655 &c.)
514 1603 614 1641 Idem
631 1602 799 1654 superius
812 1603 976 1656 positum
988 1634 998 1651 ,
1014 1604 1078 1643 lib.
1091 1605 1136 1643 de
1150 1603 1303 1646 historia
1314 1603 1518 1644 {cribenda.
1531 1605 1665 1645 MAR-

400 1666 482 1697 Ωιι.
502 1655 756 1708 Adscripserat
770 1660 883 1696 etiam
905 1657 1068 1697 Solanus
1080 1657 1301 1697 conferenti.
1315 1657 1466 1709 Quom.
1487 1658 1581 1699 Hist.
1605 1659 1664 1698 lbi

399 1722 528 1749 autem
545 1723 577 1750 c.
595 1723 638 1749 12
652 1711 825 1750 invenies
837 1712 1117 1763 propemodum
1130 1712 1273 1750 eadem.
1286 1710 1429 1751 Risu-z,

455 1763 545 1816 Pag.
562 1779 621 1816 34.
637 1764 660 1801 l.
676 1778 710 1803 2.
719 1760 914 1818 Ἓχοντα)
930 1764 992 1804 De
1006 1766 1116 1805 Atho
1129 1775 1194 1804 aut
1205 1763 1428 1805 Alexandro
1443 1765 1638 1818 cogitabat
1648 1796 1665 1813 ‚

400 1829 491 1856 cum
508 1819 601 1857 haec
615 1817 812 1866 scriberet;
827 1819 871 1858 ad
888 1818 1006 1858 εἰκόνα
1026 1820 1125 1858 enim
1150 1828 1214 1858 aut
1228 1817 1318 1868 ὅρος,
1340 1832 1440 1872 quae
1461 1819 1665 1871 praecesse-

398 1883 465 1916 re,
479 1870 612 1911 referri
628 1884 708 1910 non
730 1872 862 1924 potest.
884 1872 956 1912 Sed
977 1872 1028 1911 fic
1048 1872 1169 1912 solent
1189 1873 1322 1923 optimi
1337 1873 1481 1925 quique
1501 1871 1663 1925 scripto-

398 1937 478 1971 res;
499 1937 625 1976 neque
647 1925 722 1965 hoc
741 1927 922 1976 cuiquam
942 1926 1061 1966 fraudi
1081 1925 1206 1966 fuerit.
1220 1925 1376 1965 SOLAN.
1391 1925 1454 1966 An
1467 1927 1557 1978 quia
1569 1927 1665 1967 viri-

399 1977 443 2017 lis
449 1979 590 2030 statua,
604 1979 718 2018 etiam
734 1980 838 2031 quali
854 1992 920 2019 rex
941 1980 1018 2032 ipse
1037 1979 1126 2020 effet
1138 2010 1150 2025 ‚
1164 1991 1247 2019 eam
1270 1979 1357 2019 facit
1381 1979 1574 2020 masculini
1596 1992 1663 2033 ge-

398 2033 520 2070 neris?
535 2031 662 2072 Potest
675 2033 714 2071 id
729 2046 866 2073 verum
879 2032 951 2073 effe
966 2050 974 2072 :
990 2046 1075 2073 nam
1089 2033 1117 2073 fi
1130 2033 1174 2072 ad
1187 2035 1374 2078 βασιλέως
1389 2032 1540 2081 referas,
1556 2034 1666 2085 ἔχον·

398 2098 463 2123 τος
483 2085 597 2136 legas.
619 2085 791 2137 Ideoque
808 2100 894 2126 cum
911 2087 1055 2126 Solano
1070 2087 1161 2126 nihil
1181 2099 1311 2134 muto,
1328 2085 1397 2126 nisi
1413 2088 1501 2139 quis
1523 2087 1664 2127 Codex

399 2138 530 2178 bonae
545 2150 662 2178 notae
676 2139 713 2178 id
725 2139 888 2179 suadeat.
902 2141 1003 2179 Vide
1014 2169 1024 2185 ,
1038 2153 1136 2193 quae
1151 2141 1196 2179 de
1208 2141 1355 2193 generis
1367 2140 1538 2193 enallage
1549 2140 1662 2194 supra

397 2193 622 2232 notavimus
635 2193 681 2232 ad
696 2207 717 2232 2
730 2194 824 2233 Ver.
844 2192 940 2233 Hist.
952 2207 1036 2246 cap.
1051 2208 1111 2244 37.
1128 2193 1221 2233 Item
1238 2195 1449 2245 Tyrannic.
1463 2207 1545 2246 cap.
1557 2194 1595 2234 8.
1611 2195 1661 2235 Et

399 2245 536 2286 Amor.
557 2259 589 2286 c.
613 2259 668 2285 12.
685 2247 759 2286 Hic
772 2257 919 2286 tantum
936 2248 1033 2286 addo
1048 2248 1194 2301 Evang.
1218 2248 1354 2286 Matth.
1377 2261 1409 2288 c.
1424 2248 1492 2288 ult.
1508 2247 1532 2287 f.
1543 2248 1662 2298 μαθη-

396 2298 560 2339 τεύσατε
574 2299 704 2339 πάντα.
715 2303 770 2340 τὰ
784 2300 856 2340 ἔθνη
869 2331 880 2347 ,
895 2300 1141 2352 βαπτίζοντες
1160 2298 1306 2340 αὐτούς.
1319 2301 1391 2341 Sed
1404 2300 1526 2354 poffes
1543 2302 1662 2343 etiam

396 2351 541 2405 ἔχοντα
555 2354 601 2392 ad
610 2351 706 2392 ’Ἄθω
721 2353 799 2393 ὅλον
813 2354 973 2401 referre,
991 2354 1031 2394 &
1053 2356 1198 2407 reliqua
1211 2355 1261 2394 ab
1282 2353 1330 2394 ὦς
1353 2367 1425 2408 pro
1447 2355 1660 2406 parenthesi

399 2406 548 2446 habere.
562 2408 616 2446 At
627 2406 746 2447 lenius
758 2408 842 2447 fluit
853 2408 983 2448 oratio
992 2438 1003 2454 ,
1016 2407 1042 2447 s1
1055 2408 1100 2447 ad
1115 2408 1237 2447 εἰκόνα
1250 2408 1400 2448 referas.
1413 2408 1565 2459 mez.

451 2460 530 2500 ibid.
548 2460 637 2501 Τοιῖν
651 2460 797 2514 χεροῖν)
811 2462 901 2501 Non
915 2463 1143 2502 credideram
1158 2475 1257 2514 opus
1273 2461 1357 2502 fore
1370 2463 1416 2501 ad
1432 2462 1526 2503 haec
1539 2462 1660 2503 verba

392 2513 507 2556 etiam
528 2513 667 2569 aliquid
687 2526 839 2565 notare3
860 2514 921 2557 sed
935 2516 1174 2566 recordatus,
1192 2516 1283 2570 quid
1298 2516 1345 2557 cl.
1361 2516 1505 2560 Wallis
1521 2517 1570 2560 de
1582 2516 1660 2559 hoc
