1764 3419
391 218 488 268 ’609-
594 215 1457 269 ANNOTATIONES

394 304 514 344 modo
536 303 577 344 δι
603 304 806 346 immutato
828 310 984 347 accentu
999 335 1011 354 ‚
1034 307 1142 348 locus
1161 308 1221 349 hic
1245 309 1440 363 praeclare
1461 309 1653 352 restitutus

391 356 459 397 est.
474 358 534 397 Ne
546 369 672 399 tamen
690 361 781 413 quid
793 360 910 400 celem
924 375 936 408 3
957 373 1053 413 ego,
1075 363 1233 402 necdum
1247 362 1325 402 visa
1341 364 1415 403 viri
1429 365 1474 404 cl.
1491 365 1652 404 animad-

393 410 595 459 versione,
618 414 878 466 cogitaveram
900 413 1120 455 ἀποπλύνων
1136 414 1210 455 effe
1231 416 1443 469 legendum.
1466 417 1538 458 Sed
1555 419 1652 459 cedo

391 464 527 505 lubens
540 466 713 515 meliori,
730 466 769 506 δι
786 468 885 507 haud
902 468 1014 508 dubie
1031 468 1244 509 certiffimo.
1264 470 1367 511 ltus.
1380 471 1480 522 Lege
1496 470 1654 510 ἀποτεί-

387 532 472 559 νων.
504 521 632 573 Guyet.
647 519 811 573 Purgare
833 532 899 560 aut
921 521 1047 561 eluere
1063 521 1182 562 soleas
1204 536 1273 563 ore
1288 536 1365 563 non
1386 523 1530 573 solent,
1543 524 1650 578 quod

392 573 574 612 audierim
589 574 823 620 viderimve‚
845 574 1012 621 sutores,
1027 574 1086 614 sed
1106 576 1180 616 hoc
1200 578 1480 616 vetusillorum
1502 579 1648 618 crimen

393 625 448 664 est
457 656 468 674 ‚
485 638 553 665 ore
568 627 653 666 illos
664 628 701 666 δι
713 628 884 667 dentibus
896 629 1098 668 extendere
1110 630 1225 669 coria.
1242 631 1427 670 Martialis
1440 631 1486 670 de
1496 629 1625 671 sutore
1636 660 1650 679 ,

391 691 507 729 quem
522 679 688 720 Simonis
710 680 818 721 huius
836 682 1011 722 Lucianei
1027 683 1280 736 archetypum
1296 684 1415 731 dicas,
1437 684 1534 724 adeo
1552 683 1654 724 fimi-

392 732 439 772 lis
455 731 522 781 est,
543 733 596 773 IX
606 765 615 782 ‚
637 748 706 784 74:
719 735 890 775 Dentibus
905 739 1065 790 antiquas
1073 737 1200 788 fhlitus
1218 738 1427 790 producere
1440 738 1556 790 pelles
1566 768 1578 785 ,
1598 740 1650 778 Et

390 787 571 827 mordere
586 789 656 827 luto
673 801 771 840 putre
791 789 947 842 vetusque
959 791 1084 841 solum.
1102 791 1314 843 Praenestina
1330 804 1419 830 tenes
1437 791 1512 831 διε.
1534 792 1651 845 Equi-

388 839 478 879 dem
499 853 578 880 non
599 842 755 889 dubito,
775 842 908 882 dedisse
922 844 1136 884 Lucianum
1159 845 1358 884 ἀποτείνων
1373 847 1427 884 τὰ
1447 846 1652 896 καιττὺμοι-

390 906 470 940 τοι,
494 896 600 946 quod
622 895 716 936 inter
739 896 940 936 diEIantem
958 897 998 936 δι
1020 897 1266 946 scribentem,
1289 897 1479 938 iotacistae
1504 908 1547 938 ut
1567 898 1652 939 sunt

390 946 530 988 Graeci
549 961 570 987 a
593 949 763 1001 pluribus
786 951 869 990 inde
891 950 1045 997 seculis,
1059 950 1230 992 facillime
1250 952 1286 990 in
1301 952 1493 991 ἀποπίνων
1510 952 1649 992 mutari

389 1002 531 1054 potuit.
550 1001 672 1043 Certe
691 1004 741 1044 fic
765 1004 1036 1057 interpretatus
1057 1004 1149 1045 sum.
1164 1005 1290 1045 stn.
1310 1004 1418 1044 lensii
1434 1005 1651 1045 emendatio

389 1055 586 1095 ἀποπινῶν
602 1056 758 1110 legentis
772 1057 1071 1097 commodiffima
1088 1057 1164 1105 est,
1179 1060 1267 1112 quia
1283 1059 1496 1098 mutatione
1510 1059 1649 1100 leviffi-

390 1121 454 1147 ma
472 1110 672 1162 peragitur.
687 1111 840 1150 interim
859 1111 953 1151 nihil
972 1112 1009 1151 in
1029 1112 1185 1165 vulgata
1206 1113 1374 1160 mutavi,
1389 1112 1479 1165 quia
1492 1112 1651 1153 ἀποτεί-

392 1175 458 1202 νων
470 1176 628 1215 quoque
642 1166 810 1218 apprime
823 1165 1036 1218 appositum
1052 1165 1114 1206 est.
1132 1165 1295 1207 Graevii
1319 1163 1525 1206 ἀποπινοῦν
1547 1178 1649 1208 certe

390 1226 460 1255 aut
477 1217 611 1256 vitium
628 1219 680 1257 est
701 1231 905 1270 operarum
918 1250 928 1266 ‚
948 1231 1014 1258 aut
1035 1219 1108 1272 ipse
1122 1232 1290 1260 errorem
1310 1218 1432 1258 hausit
1445 1232 1493 1259 ex
1510 1219 1651 1260 Gram—

389 1271 530 1310 matica
545 1301 554 1316 ,
570 1285 670 1323 quae
686 1273 854 1312 vitiosius
877 1274 1044 1325 quotidie
1065 1274 1264 1326 prodeunt.
1280 1273 1464 1312 Veluti&
1480 1274 1519 1312 in
1541 1286 1649 1326 para-

389 1323 552 1375 digmate
577 1326 684 1365 verbi
707 1327 882 1378 χρυσὸω,
905 1327 942 1365 in
960 1326 1218 1368 Grammatica
1237 1327 1466 1366 Verweiana
1488 1327 1650 1380 χρυσοῦν

388 1378 488 1417 male
509 1378 648 1432 legitur
667 1380 705 1418 in
719 1380 845 1432 partic.
870 1392 942 1432 pro
961 1381 1123 1433 χρυσῶν,
1136 1378 1174 1419 in
1188 1381 1314 1420 tabula
1328 1381 1374 1419 ab
1389 1381 1469 1420 aliis
1483 1381 1623 1422 adieeta
1636 1411 1649 1430 ,

386 1430 503 1482 idque
524 1432 562 1470 in
577 1433 656 1472 edd.
678 1433 823 1472 duabus
839 1433 1016 1473 tribusve.
1041 1435 1185 1474 Rmz.
1209 1434 1323 1473 Haud
1346 1434 1444 1473 male
1464 1434 1649 1474 divinavit

386 1483 578 1524 Gesnerus
603 1486 805 1526 ἀποτείνων
822 1487 1019 1540 legendum
1035 1501 1106 1542 pro
1127 1488 1231 1540 vulg.
1245 1487 1453 1534 ἀποτίνων,
1467 1489 1571 1540 quod
1585 1489 1652 1528 mi·

386 1537 489 1578 nime
506 1550 585 1578 erat
607 1539 815 1580 ferendum.
833 1540 971 1593 Quare
994 1555 1079 1582 cum
1099 1541 1182 1582 Mss'.
1198 1541 1316 1594 Regg.
1336 1541 1446 1589 1428.
1471 1541 1511 1582 δι
1535 1554 1648 1596 30¹¹·

387 1592 499 1631 etiam
517 1594 550 1632 id
567 1593 730 1634 babeant
741 1625 751 1640 ‚
767 1595 816 1634 sic
831 1594 1033 1635 rescribere
1052 1609 1130 1635 non
1143 1595 1413 1635 dubitavimus.

441 1648 513 1684 ead.
531 1649 554 1686 I.
577 1661 630 1686 12.
647 1648 946 1701 Καταφωρὲἰσαιι)
958 1649 1033 1689 Th.
1051 1650 1154 1702 Mag.
1166 1663 1204 1688 v.
1217 1648 1334 1700 φωρῷ.
1349 1648 1507 1688 SOLAN.

440 1701 514 1739 ead.
529 1701 550 1740 l.
570 1702 626 1740 16.
638 1702 851 1755 Ἄτη-ὅπλον)
869 1704 917 1741 V.
932 1703 1006 1743 Th.
1024 1704 1127 1756 Mag.
1141 1717 1179 1741 v.
1192 1703 1321 1741 τίλλω.
1338 1702 1495 1742 SOLAN.

441 1753 530 1808 Pag.
548 1767 632 1808 335.
650 1756 672 1794 l.
689 1757 722 1795 6.
748 1758 857 1808 Παρὰ
874 1758 936 1796 τὶν
958 1756 1135 1809 Σίμωνα)
1156 1756 1324 1795 Florent.
1345 1757 1428 1808 περὶ
1443 1759 1507 1796 τὸν
1523 1762 1567 1797 Σ.
1582 1755 1646 1797 De

386 1804 459 1845 hac
483 1810 693 1848 mutatione
708 1811 907 1849 nominum
924 1811 1117 1864 eleganter
1130 1808 1379 1850 casaubonus
1396 1810 1440 1848 ad
1455 1809 1596 1849 Athen.
1614 1824 1650 1851 c.

390 1872 461 1908 14,
482 1861 545 1901 lib.
565 1874 594 1912 5.
612 1863 773 1903 Mercer.
791 1865 836 1903 ad
858 1863 970 1904 Arist.
985 1878 1070 1918 pag.
1095 1878 1182 1911 241.
1196 1864 1368 1903 Bounn.
1385 1866 1494 1916 Παρὰ
1509 1866 1571 1904 τὸν
1585 1863 1649 1903 Σί.

384 1924 493 1964 μωνω
519 1917 570 1954 Fl.
591 1917 647 1956 ed.
672 1918 708 1955 &
729 1918 769 1955 V.
793 1931 826 1956 2.
848 1917 987 1957 Bened.
1010 1918 1086 1957 ἐπί.
1112 1917 1264 1968 Reliqui
1280 1916 1443 1970 impreffi
1459 1916 1554 1971 περί.
1577 1917 1651 1958 50·

386 1977 482 2008 LAN.
500 1968 620 2009 Recie
639 1969 832 2009 indicavit.
846 1970 1015 2011 Confuse
1032 1971 1174 2012 Bourd.
1191 1970 1339 2010 Rtlrz.

441 2024 511 2060 ead.
525 2024 550 2061 I.
574 2037 633 2062 10.
649 2024 833 2078 Kaei‘opw)
849 2024 950 2064 Cum
969 2025 1058 2064 nihil
1072 2026 1220 2064 varient
1232 2025 1312 2064 edd.
1335 2036 1403 2064 cut·
1415 2023 1452 2062 id
1464 2023 1648 2076 apposue-

385 2074 434 2114 rit
451 2076 604 2122 Noster,
621 2078 724 2129 quod
750 2077 897 2118 silentio
917 2077 1000 2118 satis
1024 2078 1178 2118 indicari
1199 2077 1341 2131 potest,
1356 2089 1436 2117 non
1457 2076 1648 2130 affequor.

387 2128 458 2168 Sed
475 2128 599 2169 forsan
613 2129 817 2183 suspicatus
830 2131 883 2170 est
894 2133 1081 2183 κλεῖστρον
1093 2133 1131 2171 in
1144 2130 1365 2184 quibusdam
1380 2130 1466 2178 effe,
1478 2143 1519 2170 ut
1533 2130 1647 2185 supra

386 2182 492 2222 Tox.
506 2196 538 2223 c.
558 2196 620 2231 57,
631 2185 736 2236 quod
750 2185 798 2223 ibi
812 2184 912 2225 τεὲὶε
927 2186 963 2225 in
977 2186 1129 2238 κλεῖθρον
1144 2197 1344 2224 mutatum.
1363 2185 1504 2224 Rnrz.

440 2238 512 2274 ead.
526 2238 547 2274 I.
565 2250 578 2275 1
592 2238 821 2289 ς.Ἀμαιυράν
841 2239 919 2293 γε)
940 2240 1002 2279 Sic
1024 2238 1185 2292 impreffi
1205 2239 1399 2292 plerique3
1421 2238 1534 2279 recle.
1558 2241 1643 2278 Vm.

386 2301 551 2342 utraque
564 2305 620 2329 τε.
637 2291 795 2331 δοιΑΝ.

443 2344 530 2397 Pag.
545 2346 629 2397 336.
644 2346 667 2383 l.
682 2346 718 2385 6.
729 2347 786 2383 T&
796 2344 840 2384 8&
855 2344 1059 2385 {anassem
1073 2342 1151 2386 εἶδε
1163 2345 1354 2398 Σωσύλος)
1369 2344 1436 2384 Ms.
1447 2357 1560 2385 unam
1577 2357 1648 2384 vo-

386 2410 467 2435 cem
482 2428 492 2444 ‚
514 2410 629 2450 quam
654 2398 695 2438 &
719 2400 836 2451 exigit
858 2398 1301 2453 sententia,interponit,
1319 2411 1417 2452 quae
1436 2399 1647 2451 recipienda

385 2449 438 2489 est
451 2481 461 2496 ‚
477 2453 531 2488 τὰ
551 2450 596 2490 δὲ
614 2450 821 2492 {amissae
837 2451 946 2499 siser,
968 2451 1071 2503 οἶμαι
1082 2483 1095 2500 ,
1115 2453 1299 2500 Σωσύλος,
1325 2465 1363 2491 at
1373 2452 1512 2504 sedecim
1532 2452 1642 2497 vidit,

387 2505 516 2558 opinor,
531 2504 694 2561 Sosylus.
708 2506 810 2549 Nam
830 2505 868 2550 se
889 2507 1084 2557 dubitare,
1100 2520 1181 2550 non
1196 2518 1303 2550 certo
1323 2505 1415 2550 scite
1428 2519 1521 2548 num
1542 2505 1649 2552 vide2
