1764 3419
329 245 432 292 IN
495 245 1002 293 TOXARIN.
1145 267 1293 313 ⁴429

27 327 75 375 ‘sti
91 331 165 372 iam
191 330 302 385 supra
316 345 347 372 c.
365 344 383 382 3
405 345 455 373 eo
470 334 624 374 nomine
647 332 828 373 infamem
852 333 943 372 olim
960 332 1125 372 Pontum
1141 363 1152 381 ,
1168 334 1296 386 (quod

24 385 72 427 *ἃ
85 400 132 426 ex
146 386 335 425 Strabone
347 386 487 426 discere
501 387 554 427 est
567 417 578 435 ‚
604 388 666 427 lib.
683 388 781 436 Vll,
799 400 882 439 pag.
897 386 971 435 298
983 386 1065 439 D.)
1085 388 1152 439 qui
1168 388 1298 439 postea

31 440 202 479 melioris
229 441 372 479 ominis
393 440 502 480 causa
528 439 673 491 εὺξενος
701 441 880 493 appellari
902 441 1044 492 coepit.
1073 441 1297 493 Inhospitalis

29 494 162 546 itaque
185 503 268 532 tum
295 493 443 533 habitus
463 493 537 541 est,
551 495 603 533 ob
617 494 782 545 Scythas
804 495 884 534 eius
906 493 1079 542 accolas,
1101 495 1206 547 quod
1232 495 1297 534 vel

31 548 126 587 haec
140 545 267 586 fabula
290 546 377 586 satis
390 548 555 588 evincat.
569 549 669 588 Vide
684 559 813 588 tamen
828 548 868 588 &
889 548 1043 588 Horatii
1063 548 1297 600 inhospitalem

22 599 235 652 ¹Caucasum.
260 600 416 640 SOLAN.

85 656 159 693 ead.
174 654 197 692 l.
214 668 247 692 2.
263 655 331 694 Καὶ
346 653 435 708 ὀργῇ
450 653 515 693 καὶ
529 653 637 704 ῧυμῷ
648 654 665 708 )
675 654 766 694 Non
779 655 872 694 haec
886 653 972 694 sunt
984 654 1106 695 otiosa
1121 654 1300 708 synony-

31 720 106 747 ma.
122 707 210 746 Vid.
222 706 332 758 supra
344 719 474 748 notata
488 709 535 747 ad
552 708 728 748 Hermot.
743 722 776 749 c.
795 722 851 747 12.
872 708 1020 748 Rerrz.

84 763 157 799 ead.
169 761 193 798 I.
212 761 336 809 5.“O‘r1
352 762 597 815 κριτεσῧίουσι
610 761 698 802 τοὺς
711 762 884 815 πατέρας
899 761 1176 812 ἀποθανὸντοις)
1191 762 1298 803 Con·

30 813 87 855 fer
101 813 198 853 infra
209 813 313 854 Πενθ.
329 815 344 865 §
362 831 382 855 2
391 829 423 868 5.
435 815 593 855 SOLAN.

86 868 195 908 ead.l.
213 881 271 907 12.
284 868 512 922 Ἀχθηὲὁνα)
535 868 639 908 Iuffit
659 867 914 908 Hemsterhus.
933 868 972 908 in
996 882 1111 922 marg.
1128 869 1297 910 conferri

31 920 184 961 Duker.
199 922 243 960 ad
255 921 439 974 Thucyd.
452 922 525 969 IV,
539 935 622 975 pag.
638 923 712 961 262
725 952 739 968 ,
750 923 825 962 No.
839 937 876 973 7.
891 923 957 962 Ait
972 934 1100 962 autem
1113 924 1297 976 Thucyd.

30 989 63 1016 c.
83 989 134 1023 40
147 1003 159 1022 ‚
181 975 250 1013 Καί
269 990 366 1015 τινος
382 976 549 1029 ἐρομένου
563 977 660 1016 ποτὲ
680 971 831 1029 ὕστερον
850 976 923 1017 τῶν
937 976 1127 1016 Ἀθηναίων
1144 977 1300 1029 ξυμμά-

7 1072 8 1077 ,
32 1043 116 1083 χων
138 1027 191 1068 ᾸῪ
214 1027 423 1082 ἀχθηὲὁνοι.
445 1030 582 1082 Ibique
602 1028 722 1070 Huds.
742 1043 785 1070 ac
798 1029 1002 1070 Dukerus:
1016 1030 1211 1082 Ἀχθηὸὼν
1226 1047 1298 1071 vox

30 1084 131 1135 apud
148 1084 375 1135 Thucydidem
383 1084 515 1136 poetica
526 1111 536 1131 ,
553 1096 592 1122 ut
605 1084 687 1122 dicit
698 1084 808 1123 Dion.
824 1085 943 1123 Halic.
957 1085 996 1124 T.
1013 1100 1032 1122 2
1045 1113 1054 1130 ‚
1063 1099 1101 1137 p.
1118 1098 1194 1134 133.
1214 1087 1298 1124 Uti-

32 1149 88 1175 tur
98 1149 207 1175 tamen
222 1152 261 1174 ca
276 1136 343 1190 ipfi
358 1139 554 1191 Dionysius
573 1138 609 1176 in
627 1138 801 1190 Antiquit.
815 1139 913 1177 Rom.
922 1152 960 1190 p.
974 1151 1059 1187 572.
1076 1138 1195 1177 Etiam
1208 1140 1301 1179 alios

26 1189 150 1245 prosae
161 1190 342 1243 scriptores
358 1192 420 1231 lzoc
434 1193 598 1231 vocabulo
612 1191 704 1242 usbs,
720 1192 860 1242 ostendit
874 1195 933 1230 W
926 1191 996 1243 affl
1007 1193 1041 1230 in
1053 1192 1178 1231 Indice.
1195 1195 1295 1233 Add.

34 1245 179 1283 Lucian.
195 1244 318 1284 Toxar.
332 1245 368 1284 h.
383 1245 408 1285 l.
420 1243 609 1298 Descripfi
621 1258 668 1284 ex
679 1255 901 1285 commentt.
914 1245 1100 1296 Thucyd.
1114 1244 1260 1285 Rmz.

83 1298 175 1350 Pag.
191 1299 253 1338 66.
269 1299 292 1338 I.
306 1299 341 1338 8.
354 1294 418 1339 ’Ἦν
432 1313 499 1338 του
511 1298 646 1351 φίλος)
666 1299 728 1338 Sic
743 1297 826 1338 Mff.
842 1299 966 1352 Regg.
992 1312 1107 1351 2954.
1126 1313 1198 1352 295
1209 1312 1240 1352 5.
1253 1300 1297 1340 &

39 1364 109 1405 30¹
122 1365 154 1390 1.
169 1364 257 1391 cum
273 1353 354 1392 edd.
369 1355 407 1392 S.
424 1352 464 1393 δι
476 1352 520 1391 Β.
535 1367 571 1401 4.
581 1349 646 1391 Ἤν
661 1366 735 1392 που
754 1353 865 1404 φίλος
876 1354 933 1392 ed.
947 1352 1074 1393 Reitz.

85 1408 159 1444 ead.
171 1407 196 1444 l.
212 1419 271 1445 10.
283 1408 342 1445 Ἐκ
357 1405 503 1459 ποθῶν)
516 1405 578 1446 Cf.
592 1406 702 1459 supra
713 1419 784 1459 pro
795 1407 916 1458 Imag.
930 1419 964 1447 c.
979 1406 1047 1447 ult.
1061 1406 1129 1446 ubi
1147 1406 1298 1459 Guyer.

33 1457 204 1499 ἐκποδὼν
220 1473 297 1500 una
311 1472 415 1501 voce
429 1461 573 1500 maluit.
585 1460 656 1500 Sed
671 1460 747 1499 vid.
760 1473 860 1513 quae
870 1460 925 1499 ibi
938 1471 1049 1500 noto.
1062 1460 1210 1500 Rm-z.

86 1515 159 1552 ead.
173 1514 196 1552 l.
218 1527 232 1552 1
246 1527 275 1552 ι.
290 1514 408 1554 Kentos}
423 1536 468 1544 —
485 1514 550 1553 καὶ
569 1513 706 1565 κωφοῖς
725 1513 1000 1567 προσωπείοις)
1020 1513 1166 1554 Confer
1185 1514 1299 1568 supra

32 1565 306 1660 guomsHist.
320 1581 401 1622 cap.
414 1582 462 1617 4,
475 1568 520 1608 de
532 1567 620 1625 Salt.
632 1580 716 1622 cap.
733 1582 794 1620 27.
807 1566 907 1608 Infra
919 1567 965 1608 de
984 1567 1131 1621 Gymn.
1144 1581 1228 1622 cap.
1246 1584 1294 1621 23

124 1635 158 1660 2.
205 1631 336 1661 OLAN.

86 1636 195 1714 εἷιᾱλ.
214 1671 413 1729 14.“Oo·ov)
433 1674 473 1716 P.
492 1676 531 1716 δι
545 1674 586 1715 Ι...
598 1674 683 1725 ὅσῳ.
701 1673 774 1715 Sed
794 1673 886 1714 nihil
902 1675 963 1715 hic
976 1675 1127 1728 quidem
1145 1685 1297 1717 mutato

33 1741 136 1782 opus
149 1728 202 1768 est
213 1757 224 1777 ,
244 1742 333 1769 cum
355 1742 450 1769 mox
462 1728 644 1782 sequatur
657 1728 835 1769 τοσοῦτον
846 1759 860 1776 ,
874 1728 941 1768 nisl
955 1730 997 1770 &
1012 1729 1196 1782 posterius
1213 1744 1301 1773 mue

33 1792 118 1822 tare
132 1783 251 1830 velis,
267 1784 314 1823 de
328 1795 412 1838 quo
424 1783 537 1823 iidem
552 1783 607 1822 illi
623 1782 747 1823 Codd.
760 1796 841 1823 non
853 1793 1024 1823 monent.
1041 1783 1195 1824 SoLAN.

88 1837 179 1891 Pag.
193 1837 255 1887 67.
270 1837 296 1877 l.
308 1852 343 1890 3.
355 1837 571 1890 Ἀχιλλέως
584 1838 646 1876 καὶ
662 1837 881 1888 Πατρόκλου
895 1836 1044 1888 φιλίαν,
1065 1839 1128 1876 καὶ
1147 1838 1213 1878 τὴν
1229 1844 1300 1879 Θη-

34 1891 130 1931 σέως
147 1891 210 1930 καὶ
226 1890 386 1945 Πειρίθου
399 1922 412 1938 ,
428 1893 493 1931 καὶ
511 1890 579 1930 τὴν
599 1890 718 1932 ἄλλην
740 1889 906 1943 ἑταιρίαν
921 1890 937 1943 )
960 1892 1000 1930 ln
1017 1892 1076 1930 his
1091 1892 1217 1931 verbis
1234 1891 1300 1936 καὶ

34 1943 103 1985 τὴν
123 1942 244 1985 ἄλλων
260 1958 339 1985 non
359 1944 533 1998 agnoscit
551 1944 622 1984 Ms.
643 1944 728 1984 sunt
745 1946 877 1997 utique
891 1944 1057 1984 delenda.
1072 1945 1229 1985 Latinus
1243 1947 1302 1985 in·-

36 2008 183 2050 terpres
196 2000 310 2038 vertit
320 2029 332 2045 ‚
352 2012 398 2039 ac
409 1998 438 2037 st
450 1997 595 2051 legisset
608 1999 681 2039 τῶν
695 1999 836 2045 ἄλλων,
851 1999 943 2051 quia
954 1999 994 2037 in
1009 1998 1076 2039 τὴν
1090 2003 1207 2039 ἀλλην
1222 2000 1302 2039 nul-

36 2052 74 2092 la
88 2052 270 2092 sententia
281 2052 443 2093 suberat.
456 2052 842 2105 GRAEvJEwipsiav
854 2050 873 2105 )
887 2050 1070 2105 ‘E‘tottpt‘otv
1085 2053 1196 2092 etiarn
1212 2052 1301 2092 scri-

38 2106 93 2146 bit
104 2105 250 2147 Graev.
262 2107 299 2146 in
313 2117 408 2147 nota
420 2106 511 2153 sua,
532 2106 690 2152 casune,
706 2119 752 2145 an
774 2106 880 2159 quod
894 2105 945 2145 sie
963 2106 1165 2159 legendum
1180 2107 1301 2148 duxe-

35 2160 100 2208 rit,
111 2159 251 2213 nescio,
264 2172 340 2214 ego
351 2161 502 2214 quidem
517 2159 568 2200 fic
582 2160 731 2200 mallem
744 2174 756 2208 3
769 2159 878 2199 sedin
891 2159 956 2198 ista
970 2160 1208 2214 diphthongo
1220 2172 1299 2202 tam

37 2213 147 2266 saepe
159 2215 307 2254 variant
320 2213 443 2255 Codd.
465 2215 504 2254 &
523 2214 603 2255 edd.
617 2225 660 2253 ut
681 2213 771 2253 nihil
789 2214 883 2254 certi
903 2213 1064 2254 statuere
1075 2214 1194 2254 ausis:
1211 2228 1301 2254 cum

0 2303 2 2315 ,
37 2280 137 2361 {ero
152 2266 299 2319 ἑταιρία
318 2267 552 2323 frequentius
564 2279 679 2321 atque
691 2267 866 2308 usitatius
878 2266 944 2315 fit,
965 2268 1041 2308 hoc
1056 2267 1298 2322 praeferrem.

0 2341 1 2345 =
80 2333 183 2361 ΕΠΖ.

94 2379 168 2415 ead.
179 2376 204 2415 l.
221 2388 279 2415 10.
293 2375 364 2416 ‘mv
377 2371 523 2429 αὐτοῦ)
537 2374 786 2427 Subintellige
798 2375 984 2430 πατρίὸσι.
996 2375 1187 2429 Interpres
1200 2376 1301 2418 vinnm

42 2428 243 2476 subaudit,
259 2430 366 2483 quod
385 2441 467 2469 non
482 2430 617 2483 placet.
635 2429 800 2470 GUYET.

0 2516 3 2529 ,
97 2485 171 2523 ead.
185 2484 209 2522 l.
225 2496 282 2537 ¹3·
297 2482 509 2536 Σκυθικῆς)
525 2483 588 2522 An
604 2479 740 2530 ἥττης
764 2482 830 2524 seu
845 2483 974 2537 potius
985 2514 997 2533 ,
1010 2482 1100 2537 ‘dci-sq
1114 2480 1193 2523 τοῖς
1211 2482 1311 2523 Eitis,-

0 2563 6 2586 ς
42 2538 132 2578 &aar
144 2533 262 2580 ἥττης
275 2535 465 2588 ἐπιτίμιόν
479 2536 596 2577 ἐστιν.
609 2536 779 2578 GUYET.
