1764 3419
427 232 516 297 380
612 212 1486 278 ANNOTATIONES'

422 318 632 373 tur.‘'E4m
653 335 750 362 vero
769 322 840 361 dici
864 321 909 361 de
924 333 997 366 eo,
1012 320 1077 372 qui
1098 320 1188 372 quid
1201 319 1443 373 coquendum
1467 332 1598 368 curat,
1619 320 1679 362 ait·

421 376 582 415 Casaub.
602 378 648 415 ad
670 376 808 416 Athen.
823 375 863 413 L.
878 375 931 414 lV
950 374 1138 412 animadv.
1160 386 1240 425 cap.
1261 387 1301 423 ¹5
1318 373 1447 413 versus
1457 373 1522 413 fin.
1536 374 1576 413 ln
1589 376 1673 428 ipso

420 443 520 470 vero
535 430 673 469 Athen.
690 429 756 468 sub
773 430 851 466 init.
868 427 980 466 eiusd.
995 439 1079 479 cap.
1099 425 1204 476 {4251
1224 439 1382 479 quoque
1406 428 1577 478 praesens
1596 429 1670 476 est,

421 484 543 524 Φακῖιν
563 482 666 532 ἑψεῖν
683 505 726 512 -
740 477 982 530 μεμαθήκειν,
1003 491 1059 519 ter
1074 481 1159 519 eod.
1171 492 1253 532 cap.
1269 492 1312 519 ac
1329 480 1458 519 deinde
1482 480 1590 532 saepe
1606 495 1675 521 oc-

419 528 549 577 currit.
566 536 679 586 Apud
694 534 858 572 Diodor.
871 532 943 572 Sic.
958 533 1002 579 1,
1020 545 1102 584 cap.
1120 532 1170 581 84
1182 563 1194 579 ‚
1211 532 1327 584 praes.
1345 532 1510 582 {452‘725
1522 534 1673 586 legitur,

419 589 525 642 quasi
540 588 639 626 foret
653 588 699 625 ab
718 586 840 637 ἑψέιω,
853 586 1016 638 ideoque
1027 585 1184 625 Weffel.
1199 585 1275 624 N0.
1293 600 1341 637 29
1355 585 1532 635 ἑψοῦντες
1545 588 1672 634 malit,

420 644 478 681 uti
492 642 591 679 reae
606 640 657 679 est
669 641 753 678 ibid.
771 653 803 678 c.
824 640 885 678 80.
901 638 1026 690 Quod
1042 650 1168 678 autem
1188 638 1349 678 Casaub.
1370 640 1469 678 dicat
1481 636 1560 690 ἕψω
1575 641 1646 680 effe
1658 668 1669 685 ‚

417 695 515 746 coqui
533 708 638 740 curo,
657 694 692 731 id
708 694 759 731 ita
774 706 905 732 verum
927 693 1063 741 credo,
1083 703 1126 732 ut
1148 692 1256 744 saepe
1276 691 1398 732 facere
1422 694 1510 744 quis
1532 694 1674 747 aliquid

417 749 573 795 dicitur,
586 747 651 799 qui
672 747 705 785 id
721 760 784 797 per
804 746 919 785 alium
939 744 1037 785 facit.
1053 746 1098 784 Et
1111 745 1161 784 fic
1182 746 1282 784 lentes
1293 761 1425 798 coquere
1445 747 1589 786 dicetur
1607 749 1674 788 do-

420 801 569 847 minus,
586 801 651 852 qui
667 801 700 838 id
714 799 830 839 servis
842 800 1012 851 imperat.
1025 798 1125 837 Nam
1139 796 1220 848 ἕψω
1236 812 1302 850 per
1315 798 1351 838 se
1363 799 1435 838 effe
1448 814 1571 853 coquo,
1586 814 1672 853 pro-

419 855 550 894 barem
561 882 572 901 ‚
595 852 623 892 sl
644 854 735 906 quid
750 865 849 905 opus
866 851 965 891 foret
976 882 988 900 ‚
1003 864 1051 892 ex
1065 852 1169 891 Pind.
1187 851 1251 891 Ol.
1271 855 1298 889 A
1312 882 1324 898 ,
1336 873 1382 882 -
1394 852 1430 891 ἐν
1451 853 1572 901 σκότῳ
1586 854 1673 893 καθ-

418 906 545 957 ήμενος
568 903 652 957 ἕψοι
677 905 876 960 (γῆρας),
893 905 934 944 &
956 918 1005 945 ex
1025 906 1119 945 aliis.
1141 905 1212 945 Sed
1237 916 1345 945 acute
1369 905 1514 958 philoso
1544 907 1675 948 hantes

419 961 702 1012 responderent,
723 973 792 1000 nec
807 959 939 999 servus
951 959 1096 1012 coquit,
1119 958 1178 999 sed
1197 958 1286 1005 olla,
1301 958 1459 1006 furnus,
1472 959 1513 999 so
1535 990 1548 1006 ‚
1563 961 1672 1014 ignis,

420 1015 567 1066 coquit.
590 1015 739 1054 Verum
767 1013 836 1052 has
859 1013 1024 1065 argutias
1050 1013 1204 1052 auditor
1229 1011 1342 1052 sanus
1375 1011 1448 1052 risu
1474 1015 1675 1066 exciperet.

421 1068 566 1108 RnTz.

475 1122 563 1174 Pag.
577 1134 663 1172 310.
680 1122 702 1159 l.
719 1134 751 1159 1.
765 1120 899 1172 Σιμὶιν)
912 1119 955 1159 In
970 1120 1008 1160 P.
1025 1121 1065 1161 δι
1078 1121 1108 1159 Ι.
1121 1120 1293 1170 Σίμωνα,
1307 1132 1436 1173 prave.
1448 1119 1605 1160 SOLAN.

473 1175 552 1212 ibid.
570 1172 772 1227 Κεραμεοῦν
794 1173 988 1227 τρύβλιον)
1006 1174 1244 1214 Generaliter
1267 1186 1339 1226 pro
1363 1174 1534 1226 quolibet
1557 1173 1677 1215 fiffllh'

419 1227 595 1268 sumitur
611 1240 736 1267 tamen
754 1240 825 1279 pro
849 1226 955 1267 sacris
973 1227 1174 1272 flerimus,
1196 1227 1322 1279 qualia
1345 1227 1496 1266 Numae
1518 1226 1672 1267 fietilia:

420 1282 526 1320 &ita
546 1281 696 1320 videtur
710 1281 948 1334 interpretari
967 1281 1136 1334 τρύβλιον
1152 1280 1321 1332 Hesych.
1340 1277 1510 1334 ποτήριον
1525 1295 1677 1332 μυστη-

419 1336 505 1386 ρίου.
524 1335 696 1374 BOURD.

475 1390 546 1426 ead.
563 1389 584 1425 l.
600 1401 638 1435 7.
654 1387 890 1438 Λκϊζομένους
905 1386 1031 1441 ἧμᾶς)
1044 1387 1182 1427 Afflve
1197 1389 1235 1428 δι
1246 1386 1390 1440 paffive
1403 1386 1577 1439 usurpari
1592 1387 1676 1428 ληΐ-

422 1442 532 1490 ζομαι
548 1441 624 1487 vid.
642 1440 789 1480 Duker.
805 1441 850 1479 ad
861 1441 1040 1493 Thucyd.
1053 1441 1130 1488 111,
1151 1453 1235 1493 cap.
1251 1441 1274 1480 8
1284 1455 1316 1494 5,
1330 1453 1446 1494 quem
1461 1442 1673 1482 adeundum

420 1494 602 1532 monebat
617 1494 829 1533 Hemsterh.
846 1494 994 1534 Rerrz.
1539 1512 1541 1514 ·

474 1549 548 1586 ead.
574 1548 597 1585 l.
623 1561 679 1599 ¹3·
698 1547 797 1586 Ἐπεὶ
823 1547 868 1586 st
894 1547 1058 1588 ἀπέθανε
1076 1548 1210 1600 πρώην,
1236 1546 1400 1587 ἅπαντα
1424 1546 1548 1588 ἐκεῖνοι
1567 1549 1675 1588 κατὰ,

421 1601 508 1640 τοὺς
525 1600 669 1650 νόμους,
680 1600 803 1651 Σίμων
819 1601 833 1639 ὁ
850 1603 905 1640 τὰ
919 1601 1034 1654 ῥάκια
1048 1603 1103 1641 ‘ric
1114 1603 1253 1653 πιναρὰ
1265 1632 1277 1650 ,
1298 1600 1314 1639 ὃ
1329 1604 1370 1640 τὶ
1383 1600 1554 1653 τρύβλιον
1566 1617 1675 1654 περι-

420 1654 579 1707 λείχων,
595 1657 756 1703 εἰσ-μενος
769 1653 975 1707 ἑξελαὺνες,
993 1654 1160 1708 ἁλουργῆ
1172 1655 1236 1693 καὶ
1249 1653 1481 1708 ὑσγινοβαφῆ
1489 1655 1677 1707 ἀμπεχό-

419 1707 548 1758 μενος)
563 1707 609 1746 Et
623 1720 724 1759 quae
739 1707 960 1761 sequuntur.
972 1709 1045 1748 Hic
1057 1709 1194 1761 aliquid
1204 1709 1357 1748 excidit.
1371 1707 1562 1747 Sententia
1575 1711 1676 1749 enim

420 1760 514 1808 hiat,
529 1773 598 1800 nec
613 1760 679 1809 est,
695 1762 793 1800 unde
806 1762 991 1814 pendeant
1006 1759 1167 1802 ἅπαντα,
1182 1761 1303 1801 ἐκεῖνοι
1315 1763 1421 1800 κατὰ.
1433 1760 1521 1802 τοὺς
1534 1763 1677 1812 νόμους.

419 1812 681 1853 Salmuriensis
704 1816 858 1866 quidem
880 1816 1065 1867 interpres
1088 1815 1211 1854 multa
1231 1814 1485 1861 infarcit,alia
1510 1817 1678 1866 omittit,

422 1868 463 1907 δι
482 1878 610 1906 cetera
633 1867 763 1907 misere
784 1870 921 1908 vertit:
949 1870 1129 1922 Postquam
1151 1884 1228 1908 vero
1245 1869 1352 1921 pridie
1371 1882 1520 1908 mortuus
1532 1868 1676 1921 fhffr,

421 1935 534 1959 omnes
547 1921 627 1959 illas
633 1923 797 1974 pecunias
808 1923 908 1962 iuxta
921 1923 1020 1974 leges,
1033 1924 1151 1962 Simon
1161 1923 1214 1961 ille
1223 1924 1375 1975 gaudens
1386 1921 1475 1974 effert
1481 1951 1495 1969 ‚
1506 1937 1674 1976 purpurea

420 1974 631 2027 hysginoque
653 1976 754 2014 tinHa
775 1977 856 2026 veste
875 1977 1026 2015 indutus.
1050 1975 1128 2015 Ποῦ
1140 1977 1286 2016 κεῖνται
1312 1977 1348 2015 ὶη
1364 1974 1522 2016 Graecis
1539 1975 1676 2016 Simon

420 2028 478 2066 ille
491 2031 643 2081 gaudens
659 2028 746 2080 ffrt
759 2031 780 2068 Ρ
792 2030 891 2068 Nam
908 2028 1066 2079 ἄσμενος
1080 2029 1266 2081 ἐξελαύνει
1285 2029 1387 2068 aliud
1404 2028 1480 2076 est,
1498 2041 1540 2068 ut
1553 2029 1676 2070 statim

419 2080 645 2120 videbimus.
661 2082 743 2121 Cur
758 2083 884 2121 omisit
896 2085 951 2122 τὰ
963 2083 1082 2133 ῥάκια
1098 2085 1150 2121 τὰ
1161 2085 1300 2133 πιναρὰ
1311 2112 1321 2128 ,
1344 2082 1417 2122 ὃτὶ
1429 2081 1593 2135 τρύβλιον
1606 2098 1677 2124 πε-

418 2135 606 2187 ριλείχων.
631 2134 835 2175 Poteratne
859 2136 1078 2188 flagitiosius
1103 2137 1143 2175 in
1172 2136 1246 2175 hoc
1271 2136 1361 2175 loco
1393 2136 1676 2190 interpretando

420 2186 619 2239 quisquam
639 2188 806 2228 versari?
823 2190 903 2229 Nec
920 2189 1055 2229 melius
1076 2188 1268 2229 Erasmus:
1288 2189 1344 2227 At
1344 2190 1452 2241 simul
1466 2206 1507 2230 ac
1526 2202 1676 2230 mortuus

419 2241 463 2292 ‘3st
475 2255 592 2294 nuper,
605 2242 765 2293 universis
779 2244 848 2281 illis
861 2244 978 2296 opibus
991 2244 1091 2282 iuxta
1105 2244 1192 2294 leges
1207 2244 1324 2281 Simon
1341 2243 1396 2282 1'lle
1402 2272 1416 2289 ‚
1437 2244 1494 2296 qui
1507 2245 1599 2283 coria
1606 2259 1673 2297 pa.

420 2294 510 2341 tria,
537 2295 594 2346 qui
603 2295 765 2346 patellam
789 2298 910 2336 circum
931 2297 1099 2348 lingebat,
1119 2298 1269 2348 gaudens
1277 2311 1431 2350 purpura
1448 2299 1592 2350 ostroque
1610 2298 1673 2337 cir-

417 2345 604 2387 c'umteblus.
620 2348 662 2386 In
677 2349 730 2387 his
742 2350 843 2388 nulia
856 2350 1046 2389 sententia.
1062 2349 1125 2389 Ad
1140 2350 1257 2401 prima
1269 2360 1397 2390 autem
1411 2350 1530 2390 verba
1548 2349 1675 2391 aea-av.

418 2412 473 2440 ‘ra
488 2400 613 2441 ἐκεῖνα
635 2404 739 2441 κατὰ
752 2403 839 2443 τοὺς
854 2403 981 2454 νόμους
997 2403 1204 2443 addendum
1220 2399 1318 2452 εἷλε,
1332 2404 1437 2456 quod
1450 2403 1546 2443 vitio
1558 2404 1674 2444 libra-

417 2453 566 2492 riorum
587 2455 792 2502 intercidit,
811 2468 878 2496 aut
897 2456 1016 2497 simile
1036 2458 1224 2510 quiddam.
1249 2456 1290 2495 In
1312 2456 1556 2510 sequentibus
1575 2470 1676 2510 quo-

417 2519 494 2561 que
511 2507 653 2563 aliquid
666 2509 793 2563 periit:
814 2510 828 2551 ὃ
845 2513 899 2552 τὰ
912 2510 1030 2564 ῥάκια.
1049 2512 1105 2553 τὰ,
1124 2512 1266 2564 πιναρὰ
1279 2511 1373 2551 nihil
1391 2511 1532 2552 habent
1543 2540 1556 2562 ,
1574 2509 1673 2554 unde
