1764 3419
386 1422 439 1469 15

455 245 516 311 38
697 239 1458 292 LUCIANUS

457 365 542 399 νας.
574 337 706 392 ἄλλα
733 331 839 408 ροηδε
867 340 985 389 ἐκεῖνο
1014 340 1258 432 αἰσχυνθῇς,
1283 345 1314 389 εἰ
1339 338 1631 408 μεταρυθμιεῖς
1651 332 1716 389 TE·

459 418 588 482 λόγον
617 415 687 476 ηὸη
717 411 1036 481 ὃιαδεὸομὲνον”’
1025 434 1115 464 επει
1147 436 1224 463 και
1251 413 1422 465 Φειδίαν
1451 411 1588 474 <Dotem
1611 435 1716 464 ουτω

460 514 658 552 ποιησαι,
676 488 798 541 ὁπότε
815 489 1090 560 ἐξειργάσατο
1103 490 1185 545 τοῖς
1197 485 1431 546 Ἠλείοις
1392 512 1455 540 τον
1468 489 1577 541 Δία.
1591 488 1716 540 στάν-

462 591 521 620 τα
536 590 626 633 γαο
643 589 762 616 αυτον
783 565 961 615 κατόπιν
977 588 1054 616 των
1073 563 1269 634 Θυρων,
1254 587 1375 616 οποτε
1394 563 1593 657 ‘ron-p63‘rov
1613 568 1717 615 ἁνα-

462 645 664 698 πετάσας
681 635 965 691 ἐπεδείκνυε
926 663 970 690 το
994 636 1127 707 ἔργον,
1149 638 1363 692 ἐπακούειν
1379 664 1456 692 των
1472 637 1719 727 αἰτιωμένων

464 742 524 774 τι,
553 742 575 777 η
606 713 877 767 ὲπαινουντων
913 718 1052 780 ᾖτιατο
1082 708 1192 769 δε,
1177 738 1195 764 ο
1217 737 1291 784 μεν
1319 739 1387 775 την
1412 719 1519 788 ῥινα,
1543 716 1598 772 ὡς
1623 736 1719 766 πα,

465 796 610 856 χεῖαν,
632 796 650 843 6
670 784 761 842 δῖ
736 814 788 848 ως
812 788 1123 873 ἐπιμηκέστερον
1142 813 1186 840 το
1206 814 1445 884 προσωπον,
1466 795 1484 842 6
1510 782 1553 842 δε
1576 790 1718 847 αλλος

464 869 585 920 αλλο
601 892 653 919 τι.
670 866 737 918 εἶτ’
757 867 895 927 ἐπειδη
915 869 1108 926 απηλλα
1110 889 1252 930 γησαν
1269 891 1300 918 οι
1294 865 1505 922 θεαται,
1523 863 1639 925 αυθις
1653 888 1719 918 τον

466 944 658 998 Φειὸιαν,
681 945 1013 1010 ἐγκλεισάμενον
1037 938 1204 996 ἑαυτον,
1228 943 1459 1012 ἐπανορθοῦν
1478 966 1554 994 και
1578 946 1718 1014 ῥυθμί-
1763 939 1764 943 ¹

467 1023 540 1082 ζειν
568 1043 613 1069 το
633 1019 841 1086 αγαλμα
864 1042 963 1089 προς
986 1030 1031 1068 το
1053 1040 1132 1074 τοις
1153 1030 1224 1068 πλ
1227 1039 1367 1075 ειστοις
1389 1018 1538 1070 domme.
1559 1022 1602 1070 οὐ
1624 1040 1718 1084 γαρ

466 1097 606 1158 ηγεῖτο
633 1116 786 1164 μικραν
810 1116 855 1144 ειι
856 1117 910 1143 αι
941 1086 1203 1163 συμβουλην
1213 1093 1342 1162 ὃημου
1365 1118 1579 1149 τοσουτου,
1606 1097 1718 1145 αλλ’

466 1192 533 1220 αει
554 1172 790 1234 αναγκαιον
810 1169 1013 1249 ύπαρχειν
1031 1193 1122 1226 τους
1140 1167 1329 1226 πολλους
1343 1170 1610 1241 περιττὸτερον
1623 1168 1717 1240 ὁραν

467 1269 538 1297 του
559 1245 592 1296 ἐν
596 1270 656 1302 ος,
673 1268 757 1296 καν
774 1240 988 1302 ‹Deaaa'ffzq
964 1270 1018 1304 ην.
1039 1245 1180 1297 ταῦτα
1192 1269 1256 1296 σοι
1275 1247 1356 1296 απ’
1376 1247 1518 1304 ἐκείνης
1535 1249 1715 1314 κομίζω,

468 1345 542 1373 και
567 1344 689 1378 αυτος
707 1344 922 1391 παραινω,
945 1321 1118 1405 ἑταῖρος
1114 1344 1181 1377 τε,
1202 1344 1277 1372 και
1301 1318 1425 1378 εὐνους
1444 1345 1510 1372 ων.

522 1414 657 1488 AYK.
673 1397 981 1467 Πολυστρατε,
1000 1406 1074 1455 οιός
1094 1420 1145 1448 ων
1163 1421 1288 1469 ρητωο
1304 1395 1510 1456 ἐλεληθεις
1524 1418 1595 1465 με.
1610 1394 1718 1469 ῥησιν

466 1495 565 1537 γουν
597 1472 698 1523 οὕτω
722 1495 919 1542 μακραν,
949 1496 1026 1524 και
1054 1478 1309 1543 κατνγορίαν
1330 1495 1529 1533 τοσαυτην
1552 1470 1717 1534 ἐξενῆνο-

464 1571 556 1612 χας
575 1571 696 1599 κατα
714 1572 783 1599 του
805 1569 1186 1620 συγγραμματος,
1209 1547 1318 1602 iao-re
1342 1541 1449 1618 μηὸε
1467 1548 1627 1600 ἐλπίδα
1645 1572 1722 1617 μοι

461 1671 547 1711 deat
559 1701 570 1717 ,
585 1670 614 1710 fi
629 1671 807 1710 retractes
825 1669 993 1709 librum
984 1683 1059 1708 1am
1083 1669 1122 1708 in
1139 1668 1280 1721 vulgus
1295 1668 1457 1710 editum:
1477 1667 1721 1721 quandoqui-

461 1732 547 1772 dem
568 1733 680 1771 etiam
704 1731 870 1772 Phidiam
893 1730 944 1771 s1c
964 1728 1089 1770 feciffe
1109 1730 1215 1769 aiunt
1228 1760 1239 1775 ‚
1261 1742 1350 1768 cum
1371 1728 1506 1769 Iovem
1527 1727 1624 1768 Eleis
1643 1727 1718 1768 ela-

459 1790 635 1831 boraffet.
660 1791 830 1832 Stantem
851 1791 950 1830 enim
970 1789 1055 1843 post
1077 1790 1214 1829 valvas
1234 1790 1426 1836 aediculae,
1443 1802 1533 1829 cum
1552 1789 1717 1842 primum

458 1853 532 1894 illis
554 1855 712 1894 remotis
745 1866 844 1906 opus
872 1851 1107 1898 ostenderet,
1137 1850 1276 1891 audiffe
1306 1851 1624 1904 reprehendentes
1646 1849 1718 1891 *ali-

458 1915 573 1968 quid‚
602 1925 668 1955 aut
695 1914 902 1956 laudantes.
938 1913 1257 1968 Reprehendebat
1287 1924 1414 1952 autem
1442 1912 1537 1952 alius
1563 1912 1716 1966 quidem

456 1977 588 2018 nasum
605 2006 616 2024 ,
641 1990 684 2017 ut
712 1978 822 2017 nimis
848 1975 1034 2024 crassum,
1066 1976 1161 2016 alius
1185 1975 1322 2019 faciem
1351 1975 1592 2028 longiorem,
1622 1975 1718 2015 alius

457 2039 558 2081 aliud
581 2040 681 2092 quid.
704 2039 853 2078 Deinde
873 2052 962 2079 cum
981 2038 1236 2084 disceffiffent‚
1262 2036 1390 2077 rursus
1411 2037 1575 2077 Phidiam
1596 2037 1732 2078 inclu-'

456 2100 540 2140 sum
564 2100 773 2141 emendaffe
798 2101 838 2140 &
860 2099 1062 2140 correxisse
1084 2099 1231 2153 signum
1257 2100 1303 2143 de
1328 2100 1497 2153 plurium
1520 2099 1717 2144 sententia.

456 2162 594 2215 Neque
614 2164 716 2203 enim
734 2163 911 2216 putabat,
931 2175 1093 2216 parvum
1120 2161 1194 2202 effe
1223 2160 1420 2202 confilium
1446 2161 1541 2200 tanti
1558 2160 1715 2214 populi,

456 2221 518 2262 sed
541 2223 685 2264 neceffe
710 2224 854 2275 semper
878 2223 975 2271 effe,
1000 2235 1044 2264 ut
1065 2224 1174 2264 multi
1195 2224 1279 2277 plus
1300 2223 1453 2263 videant
1470 2235 1578 2269 uno,
1597 2222 1625 2261 si
1649 2223 1713 2263 vel

455 2286 502 2326 fit
524 2286 678 2326 Phidias.
710 2287 818 2327 Haec
841 2286 906 2325 tibi
928 2287 976 2326 ab
1000 2287 1064 2326 illa
1089 2284 1233 2333 affero,
1257 2286 1298 2326 δι
1319 2284 1398 2339 ipse
1421 2285 1557 2327 hortor
1581 2283 1716 2326 sodalis

455 2358 548 2388 tuus
573 2358 690 2400 atque
709 2349 864 2388 amicus.

509 2410 595 2463 Lyc.
619 2409 823 2462 Quantum
846 2422 883 2449 te
897 2420 1091 2449 oratorem
1105 2441 1116 2458 ‚
1134 2409 1370 2462 Polystrate‚
1394 2408 1595 2462 ignoravi!
1615 2407 1714 2448 Ora-.

453 2471 601 2510 tionem
630 2473 781 2524 quidem
805 2473 901 2512 adeo
924 2471 1077 2524 longam
1092 2504 1103 2520 ‚
1137 2473 1176 2513 &
1199 2483 1341 2512 tantam
1371 2483 1506 2511 contra
1528 2469 1711 2523 scriptum

455 2544 585 2580 meum
608 2532 888 2582 accusationem
912 2532 1125 2588 protulisti,
1153 2545 1202 2574 ur
1216 2546 1342 2589 neque
1365 2531 1447 2587 spes
1468 2532 1560 2578 mihi
1584 2529 1709 2578 defen·
