1764 3419
694 122 712 142 N

266 249 333 293 IN
365 247 580 294 lovEM
614 246 1047 293 TRAGOEDUM.
1137 269 1140 273 ,
1201 265 1282 313 523

31 331 235 379 κολλάβους
247 333 390 372 editum
407 332 451 371 de
462 344 502 371 re
516 331 658 371 eadem.
674 332 775 371 Nihil
788 342 914 371 tamen
929 333 987 372 hic
998 334 1221 373 muto.Vide
1232 335 1293 384 fis,

30 400 132 439 quae
143 385 395 439 sagaciffimus
406 384 618 424 Hemsterh.
632 385 678 424 ibi
690 385 742 425 est
754 396 1047 425 commentatus.
1064 387 1205 425 Rmz.

85 442 172 491 Pag.
194 452 281 492 235.
296 441 325 479 ¹l.
351 439 454 487 1.Τῷ
477 437 648 487 ismaeli)
673 444 833 479 Θητικῦν
859 439 1013 479 infimae
1039 440 1157 479 claffis
1180 441 1290 480 locus

29 494 131 546 apud
147 493 403 533 Athenienses.
426 492 525 531 Nam
550 503 672 531 totam
691 494 889 532 civitatem
914 494 951 531 in
975 504 1141 545 quatuor
1162 493 1292 533 classes

28 547 148 588 Solon
160 546 334 586 diviserat
345 576 357 591 ,
370 547 407 584 in
422 546 869 596 πεντακοσιομεέίμνους,
889 546 1087 593 &wewam
1104 548 1289 599 ζευγίταις

29 601 94 640 καὶ
109 599 295 640 &immo-35.
310 599 504 640 Scholiast.
520 599 765 651 Aristophan.
779 601 825 640 ad
841 601 965 653 Equit.
980 612 1054 640 tres
1069 613 1217 640 tantum
1233 601 1290 640 fa-

28 655 80 693 cit
98 655 260 693 ordineS.
277 655 450 693 Boum).

81 710 153 747 ead.
171 705 529 761 Ι.3.1(ΟΑΟΣΣΟΣ)
550 706 593 746 In
610 707 637 746 I.
657 706 698 745 ὅ(
717 707 770 746 Fl.
786 719 864 745 non
886 707 962 746 hoc
984 709 1101 748 morlo
1122 721 1286 755 nomen,

28 760 88 801 sed
103 764 140 801 δι
156 761 334 814 pleraque
349 761 673 800 interlocutorum
686 761 828 812 integra
841 759 1077 807 scribuntur-3
1097 761 1287 812 adsci'ipslt

26 816 152 855 Solan.
166 813 383 854 conferend.
401 813 552 866 Quom.
567 813 663 852 Hist.
675 826 758 865 cap.
774 826 833 864 23.
849 813 903 852 Ibi
920 813 1068 854 Coloffi
1084 815 1285 856 Rhodii&

24 870 286 922 proportionis
301 869 506 918 imaginum
519 867 561 907 fit
574 869 732 906 mentio.
746 867 892 906 RmTz.

79 926 152 963 ead.
166 923 190 963 l.
202 937 239 971 4.
256 925 292 961 Ei
308 922 345 962 θ’
359 918 418 962 οὖν
427 922 477 972 μὴ
493 919 688 972 ὑπερφυᾶ)
704 919 896 960 Sententia
913 920 1103 973 postulare
1119 923 1285 971 videtur,

23 988 67 1015 ut
85 978 196 1017 unica
217 986 362 1015 mutata
376 975 526 1014 literula
549 975 717 1026 legamus
732 974 765 1013 εἰ
785 974 888 1027 γοῦν.
903 974 1019 1014 Certe
1039 976 1077 1014 in
1099 977 1283 1029 interpre-

24 1030 140 1070 tando
154 1031 230 1070 hoc
245 1029 324 1070 sum
341 1029 502 1069 secutus.
522 1028 651 1068 GESN.

75 1087 148 1124 ead.
166 1085 188 1123 l.
205 1084 241 1124 6.
260 1083 527 1136 Τελέσμιιτος)
541 1081 670 1121 Primo
685 1092 853 1122 trecenta
868 1081 1009 1121 talenta
1032 1096 1081 1122 ex
1096 1083 1286 1124 Demetrii

22 1150 206 1190 apparatu
220 1136 301 1177 five
317 1137 499 1178 machinis
514 1135 650 1176 relictis
662 1135 850 1180 conflata,
865 1137 910 1175 ad
924 1148 1006 1175 eam
1023 1150 1099 1176 rem
1116 1138 1285 1178 adhibita

19 1190 116 1231 sunt.
128 1192 288 1245 Plin.34‚
299 1205 335 1239 7.
344 1192 481 1244 Neque
496 1189 702 1230 sufficiente
716 1189 785 1229 hac
796 1189 954 1237 summa,
966 1191 1103 1229 collata
1112 1192 1166 1230 est
1179 1204 1286 1244 prae-

21 1256 125 1286 terea
140 1258 163 1285 a
183 1245 346 1285 Rhodiis
364 1245 433 1285 alia
446 1244 490 1283 ad
504 1242 775 1297 perficiendum
791 1255 891 1295 opus
906 1245 1080 1295 pecunia.
1096 1245 1255 1285 SOLAN.

76 1302 148 1340 ead.
161 1301 184 1341 l.
196 1314 234 1350 7.
248 1299 489 1340 Ἐπεποίηντο
506 1298 580 1350 ἂν)
602 1296 662 1336 De
676 1309 763 1336 meo
778 1309 858 1336 non
872 1296 1103 1336 inseruissem
1117 1298 1206 1337 illud
1221 1298 1283 1347 ἂν,

21 1354 108 1404 quia
124 1364 200 1393 tam
217 1354 327 1393 brevi
345 1352 552 1392 intervallo
577 1352 716 1390 iterum
739 1351 784 1389 ἐὶν
805 1350 998 1390 habemus.
1015 1352 1164 1391 Verum
1187 1353 1283 1404 quia

21 1407 182 1447 Solanus
194 1407 322 1449 noster
335 1407 371 1447 id
382 1406 470 1447 fecit
481 1437 492 1453 ,
515 1406 555 1446 δι
576 1404 702 1444 sensus
716 1405 843 1457 potius
855 1417 970 1457 quam
985 1405 1206 1458 euphoniae
1220 1418 1282 1445 ra-

19 1461 77 1500 tio
92 1461 274 1507 habenda,
289 1460 561 1502 obsecundavi.
577 1459 701 1512 Magis
717 1458 815 1498 enim
829 1459 901 1498 iam
916 1469 1044 1510 aperte
1059 1459 1286 1508 declaratur,

20 1514 196 1556 Rhodios
209 1529 289 1556 non
301 1528 438 1557 revera
450 1514 607 1555 sedecim
621 1525 759 1552 aureos
772 1512 883 1552 Deos
897 1512 981 1551 inde
995 1511 1140 1561 feciffe3
1155 1512 1213 1552 sed
1226 1544 1237 1561 ‚
1252 1512 1282 1552 fi

18 1567 223 1609 voluissent
234 1589 251 1617 3
279 1568 406 1610 facere
426 1567 600 1622 potuiffe.
624 1566 809 1606 Ceterum
833 1567 878 1606 de
900 1566 1107 1619 praeterito
1133 1566 1282 1619 paffivo

18 1623 204 1674 potestate
216 1624 340 1665 activa
355 1623 540 1675 usurpato
559 1620 700 1661 dielum
715 1620 864 1660 abunde
879 1619 1001 1672 supra.
1017 1619 1131 1660 Conf.
1152 1634 1165 1658 1
1187 1621 1283 1660 Ver.

17 1676 115 1717 Hist.
129 1690 212 1730 cap.
227 1693 244 1730 3
257 1691 289 1729 ς,
310 1678 349 1717 &
366 1690 496 1717 notam
509 1675 621 1716 Ienfii
636 1676 681 1713 ad
697 1673 911 1726 Tyrannic.
926 1686 1007 1726 cap.
1027 1687 1072 1713 12
1085 1705 1096 1721 ,
1111 1674 1178 1713 ubi
1192 1674 1283 1714 licet

17 1732 293 1786 πεπραγμένου
313 1731 448 1772 frustra
472 1730 599 1770 active
617 1729 909 1781 interpretetur,
928 1727 1047 1766 multa
1062 1738 1188 1766 tamen
1209 1727 1280 1766 alia

17 1788 194 1837 exempla
207 1786 308 1826 addit
318 1816 330 1832 ,
341 1785 443 1825 unde
458 1785 494 1824 id
509 1794 610 1837 patet
621 1797 632 1831 3
644 1795 813 1835 quorum
826 1782 899 1821 alia
914 1794 962 1821 ex
976 1782 1153 1821 Luciano
1164 1783 1282 1822 etiam

16 1839 104 1879 alibi
118 1852 195 1878 non
212 1839 323 1879 semel
337 1839 602 1878 indicavimus.
617 1837 764 1876 Rmz.

72 1893 241 1947 ibid‚'*Av)
256 1894 312 1933 Ex
330 1893 400 1932 Ms.
417 1891 494 1932 Ox.
512 1901 600 1931 ante
614 1889 720 1930 ὥστε.
737 1890 895 1929 SOLAN.

73 1951 146 1986 ead.
169 1948 192 1986 l.
212 1961 270 1986 10.
288 1947 331 1986 Τί
353 1941 381 1986 ἕῖἱ
404 1945 472 1985 Ζεῦ
481 1947 497 1999 )
522 1944 702 1985 Coloffus
728 1944 902 1983 Rhodius
924 1952 1082 1995 propter
1104 1942 1279 1994 ingentes

0 2014 1 2021 ¹
18 1999 165 2042 sumtus
181 2001 218 2040 in
240 2000 276 2039 se
296 2000 417 2041 factos
437 2000 505 2039 fibi
521 1998 714 2052 προεὲρίαν
734 1999 832 2037 inter
847 1997 954 2053 Deps
968 1997 1053 2035 vult
1069 1998 1273 2035 vindicare.

0 2069 1 2085 l
17 2055 196 2095 Consulit
215 2055 260 2094 de
273 2055 343 2094 hac
357 2068 396 2094 re
411 2054 627 2094 Mercurius
650 2053 803 2091 Iovem:
820 2050 882 2099 τί,
897 2053 924 2089 ὠ
944 2049 1027 2098 Ζεῦ,
1042 2049 1118 2103 χρὴ
1133 2049 1276 2098 ’ποιεῒη

0 2135 1 2138 =
17 2107 214 2163 ‹Merupt‘tov
229 2110 307 2162 ’γὰρ
322 2108 401 2158 ἐμοὶ
414 2106 505 2162 ’γοῦν
521 2107 582 2145 καὶ
594 2104 714 2144 τοῦτο.
729 2104 838 2154 εἰμὲν
852 2106 930 2158 ’γὰρ
945 2103 983 2142 ἐς
995 2103 1063 2142 τὴν
1079 2101 1168 2142 ὕλην
1181 2105 1280 2141 ἀπο-

17 2162 217 2213 βλέποιμι,
231 2160 409 2216 χαλκοῦς
421 2162 540 2201 ἐστιν·
557 2161 587 2198 εἰ
599 2159 643 2199 ἑὲ
656 2159 888 2213 λογιζοίμην,
900 2158 969 2208 ἀφ’
981 2156 1122 2196 ὁπόσων
1134 2157 1279 2196 ‘sanciv-

16 2231 91 2257 των
103 2218 372 2270 κεχάλκευται
385 2246 399 2262 ,
410 2213 501 2266 ὑπὲρ
511 2213 598 2254 τοὺς
611 2211 1042 2262 πεντακοσιομεὸίμνους
1057 2211 1118 2249 καὶ
1132 2210 1199 2249 τὴν
1213 2210 1277 2249 ivr·

16 2269 134 2311 vulsa
146 2276 190 2309 ἂν
203 2270 270 2309 εἴη.
283 2270 357 2309 Hic
368 2270 477 2309 locus
490 2266 761 2321 imperitiffime
772 2267 955 2305 vertitur:
970 2265 1066 2316 Quid
1068 2265 1163 2316 saffo
1174 2279 1277 2315 opus,

0 2355 1 2358 η
19 2326 197 2377 Iuppiter?
209 2326 305 2363 Nam
319 2326 380 2364 lzoc
393 2323 539 2362 iudicare
551 2321 681 2375 dzfficile
693 2323 745 2374 est.
763 2321 859 2359 Nam
863 2321 897 2369 fi
907 2319 1077 2358 materiam
1089 2317 1273 2369 respexero,

0 2401 2 2414 ι
18 2393 143 2418 aeneus
163 2379 217 2429 est.
235 2381 269 2416 V
267 2393 354 2416 erum
358 2379 396 2429 fi
404 2377 604 2428 supputem‚
620 2387 702 2428 quot
718 2376 753 2413 in
770 2389 806 2412 eo
814 2373 1019 2425 fabricando
1036 2370 1185 2423 impensa
1192 2371 1275 2422 fhe-
1322 2381 1330 2387 ⁸

17 2434 84 2472 rint
106 2433 252 2474 talenta,
267 2432 381 2482 plures
397 2446 498 2483 quam
516 2431 710 2483 quingentos
730 2429 869 2475 modios,
891 2428 926 2466 ὃ»
945 2426 1078 2477 censum
1101 2427 1272 2478 equestrem

0 2487 194 2530 {inveniam
207 2485 379 2536 Oedipus
393 2484 437 2523 sit
447 2515 460 2532 ‚
473 2485 540 2536 qui
551 2484 684 2523 ultima
697 2483 832 2521 Latina
844 2481 961 2521 verba
976 2479 1147 2531 explicet.
1163 2478 1272 2530 Quid

0 2541 112 2610 fenim
125 2540 322 2594 quingenti
333 2538 511 2579 medimni
522 2537 563 2578 δι
576 2535 759 2591 equestris
773 2534 904 2576 census
917 2533 1059 2589 faciunt
1071 2533 1117 2572 ad
1131 2533 1274 2586 impen-
