1764 3419
449 230 536 292 368
798 226 1362 276 VARIAE

449 315 502 356 est
516 317 552 355 in
567 315 621 354 fl.
676 316 700 354 l.
719 329 753 354 2.
765 315 1065 366 Ἐκματτόμενος
1080 315 1097 369 )
1117 315 1180 355 Sic
1194 315 1278 355 dedi
1293 329 1340 355 ex
1357 316 1408 356 G.
1423 316 1464 356 L.
1481 313 1520 355 P.
1532 314 1575 356 δι
1588 325 1709 371 margi

448 371 500 409 A.
516 383 546 408 ι.
559 371 914 419 Ἄγειν-πλαττόμενος
930 370 1012 407 edd.
1054 370 1078 408 l.
1091 384 1128 417 4.
1138 369 1438 423 Ἀναγγέλλεκ)
1451 365 1708 424 εὖοιγγέλλεκ

447 423 546 463 male
562 423 606 461 P.
623 424 914 477 'Aoroeyydmew
935 434 1053 474 marg.
1069 425 1120 462 A.
1138 437 1169 461 1.
1197 424 1221 461 l.
1238 438 1270 476 5.
1289 422 1445 474 Μυρίας)
1460 423 1522 462 Nil
1537 434 1631 463 mut.
1650 424 1709 463 Fl.

449 478 473 516 l.
488 491 526 527 7.
541 476 882 528 Ἐπανιστιιμενον)
895 476 1148 526 πεσσοὺμενον
1163 489 1279 529 marg.
1295 477 1347 515 A.
1364 489 1394 514 1.
1422 477 1446 515 l.
1464 476 1631 530 9.”Ὑ“πο)
1650 477 1708 516 Ex

448 531 635 570 emendat.
650 529 768 569 lensii.
779 528 1127 580 ‘Terovrarrofflsvoe
1141 530 1220 568 edd.
1237 532 1392 582 priores.
1403 528 1712 579 Ὕπαπιπτσὺμε·

448 599 508 624 νος
523 585 630 635 peius
644 584 758 622 etiam
775 583 820 620 P.
861 583 884 620 l.
905 596 918 621 1
932 595 962 621 1.
977 582 1144 636 Γελωσς)
1159 581 1220 622 Sic
1235 583 1318 622 edd.
1338 596 1483 623 omnes.
1527 584 1550 620 l.
1568 597 1625 622 12.
1641 584 1709 623 Τέ-

450 638 546 691 χνη)
563 636 611 687 τῇ
624 638 743 690 τέχνῃ
756 635 840 674 edd.
868 636 892 674 l.
911 649 967 690 13.
978 636 1282 687 Ἐντυποὺμενσς)
1297 636 1572 687 ἐκτυπούμενος
1588 649 1709 690 marg.

451 695 502 730 A.
520 705 551 729 1.
572 692 676 741 quod
691 702 827 729 verum
842 690 971 729 credo.
1025 690 1049 728 l.
1070 703 1124 741 19.
1139 692 1201 730 col.
1219 704 1254 730 2.
1280 690 1550 744 Keupoeyb‘toef)
1567 689 1713 730 Differt

449 745 499 783 ab
519 743 685 783 leffione
710 744 891 790 Luciani3
911 744 986 782 vid.
1008 743 1054 782 ad
1081 744 1210 783 Schol.
1228 744 1316 783 hinc
1339 745 1490 783 tertium
1514 745 1550 782 Εἰ
1565 745 1709 785 τάλαι.

453 799 544 850 Pag.
561 798 647 849 265.
662 798 686 836 l.
704 811 736 834 2.
751 796 979 850 Tpoe‘ycpAEch)
995 798 1054 836 Sic
1069 798 1152 836 edd.
1166 798 1352 848 Ἰαμβίζων
1365 797 1416 838 G.
1430 798 1469 836 L.
1486 797 1523 836 Ρ.
1536 798 1575 837 &
1591 810 1712 850 marg.

453 853 527 890 A.1
542 855 598 889 W.
623 851 646 890 l.
664 865 694 903 5.
711 846 891 904 Οὐδέπω)
909 846 946 889 οὗ
965 853 1068 889 πάνυ
1087 849 1126 888 Ρ.
1154 851 1193 891 &
1211 863 1327 903 marg.
1342 852 1393 890 A.
1412 864 1442 890 1.
1471 852 1495 890 l.
1512 851 1617 904 7.''H)
1632 851 1714 891 De·

452 905 505 945 est
518 906 555 943 in
572 905 625 943 FI.
644 905 680 943 Ἰ.
697 898 910 956 η.Οὖτος)
931 899 1046 944 αὐτὸς
1070 917 1186 957 marg.
1208 906 1259 944 A.
1276 918 1307 943 1.
1335 905 1359 945 l.
1379 904 1512 944 18.col.
1528 919 1562 943 2.
1575 901 1711 944 Ἀλλή-

451 958 552 1011 λοις)
567 958 620 997 lta
635 958 731 998 bene
750 959 917 997 correxit
934 957 1119 1005 Solanu53
1142 971 1227 997 nam
1248 956 1433 998 ἀλλήλους
1453 959 1594 997 eduum
1609 971 1714 1005 erat,

453 1013 494 1052 δι
508 1014 613 1052 aliter
628 1012 838 1052 diffinffikum
854 1042 866 1059 ‚
880 1011 1078 1050 videlicet:
1094 1011 1125 1049 οἱ
1137 1012 1335 1062 πολέμιοι,
1354 1007 1540 1052 ἀλλήλους
1557 1012 1715 1057 βάλλον·

452 1080 505 1105 σι.
524 1066 603 1105 Iam
626 1078 724 1104 vero
751 1065 1016 1114 συμβάλλευσι
1044 1063 1220 1105 ἀλλήλοις
1245 1066 1432 1118 iungenda
1454 1064 1598 1105 sensum
1622 1078 1716 1118 pro-

453 1120 547 1158 dunt
563 1120 766 1172 optimum.
780 1120 890 1171 Reitz.
927 1120 950 1156 ἰ.
970 1132 1030 1158 20.
1048 1119 1110 1158 col.
1126 1132 1157 1158 1.
1175 1119 1210 1157 Ei
1224 1120 1380 1172 πάλαι)
1402 1118 1607 1172 siminus]
1625 1119 1654 1159 οἱ
1669 1119 1715 1159 ἐκ

454 1174 600 1213 πολλοῦ
611 1204 622 1220 ,
637 1174 777 1213 editum
794 1185 887 1212 erat.
898 1172 1045 1212 Verum
1061 1171 1298 1226 adscripserat
1310 1171 1437 1212 Solan.
1454 1171 1616 1213 Diversa
1631 1172 1718 1213 scri-

453 1239 567 1280 ptura
580 1258 591 1274 ‚
606 1227 664 1266 sed
681 1238 811 1281 prava.
827 1227 948 1266 ReSie
962 1227 1098 1280 legitur
1116 1227 1153 1265 in
1170 1227 1215 1266 C.
1236 1238 1278 1266 ut
1291 1227 1328 1266 in
1347 1238 1455 1266 textu
1471 1226 1716 1266 Luciani.1ta

455 1292 585 1321 tamen
607 1283 699 1320 haec
719 1281 951 1335 apposuerat
971 1294 1015 1320 ac
1040 1279 1271 1333 figmverar,
1291 1291 1335 1320 ut
1363 1280 1473 1320 simul
1493 1281 1718 1320 viderentur

454 1335 623 1387 speRare
636 1337 681 1374 ad
694 1334 889 1374 Scholium
903 1336 1160 1388 Κεκρειγὲτας,
1175 1335 1280 1386 quod
1292 1335 1326 1373 in
1341 1335 1447 1375 editis
1459 1335 1637 1387 proxime
1651 1334 1717 1374 ad-

455 1390 630 1430 iunffllm
644 1401 723 1428 erat
737 1389 834 1429 huic.
850 1388 962 1428 Unde
975 1388 1157 1441 suspicor,
1169 1388 1303 1427 eodem
1326 1389 1444 1428 modo
1455 1388 1570 1427 etiam
1586 1386 1721 1440 κεκρέι-

457 1457 555 1482 κτας
577 1444 653 1496 legi
668 1444 703 1481 in
719 1442 764 1482 C.
782 1454 825 1481 ut
843 1443 880 1480 in
897 1442 1083 1481 Luciano.
1104 1440 1214 1493 Quia
1227 1453 1353 1482 autem
1374 1442 1408 1481 id
1433 1455 1512 1481 non
1529 1443 1721 1488 mutavit,

455 1509 530 1549 ego
543 1509 700 1550 quoque
713 1495 888 1543 abstinui,
903 1508 981 1535 non
996 1495 1079 1535 satis
1091 1506 1230 1541 certus,
1245 1496 1336 1549 quid
1349 1495 1408 1536 ille
1420 1495 1555 1535 Codex
1565 1495 1719 1535 habeat:

457 1563 544 1589 nam
570 1551 808 1604 κεκραγότας
826 1550 898 1589 effe
917 1551 954 1588 in
970 1551 1022 1589 V.
1041 1561 1221 1602 apparet,
1238 1550 1278 1589 &
1300 1549 1571 1603 corrigendum
1591 1558 1720 1589 tamen

457 1605 504 1643 ad
519 1605 740 1644 Lucianum.
757 1605 866 1656 Reitz.
913 1604 1004 1656 Pag.
1021 1605 1109 1643 266.
1125 1603 1148 1642 I.
1161 1617 1197 1656 9.
1213 1599 1477 1658 Εὖφωνότερον)
1498 1602 1641 1643 Forsan
1662 1598 1723 1643 εὖ·

459 1659 666 1711 τονώτερον.
681 1659 801 1697 Solan.
830 1659 902 1697 ead.
917 1656 1092 1711 Ἐπ’χει)
1108 1656 1284 1697 Restitut.
1301 1670 1350 1697 ex
1370 1657 1409 1696 P.
1430 1658 1470 1697 &
1485 1670 1602 1710 marg.
1620 1657 1672 1696 A.
1687 1670 1721 1697 1.

457 1710 616 1766 Ἐπήχει
634 1711 715 1752 edd.
744 1713 767 1750 l.
785 1725 842 1764 13.
859 1711 1052 1764 Πρὲτερον)
1067 1712 1126 1751 Sic
1139 1712 1169 1750 1.
1183 1712 1237 1750 FI.
1248 1711 1326 1751 &c.
1341 1710 1518 1763 Πρότερος
1530 1711 1574 1750 Ρ.
1588 1709 1726 1763 Πρότε-

459 1779 509 1817 ρσι
531 1779 648 1819 marg.
663 1767 713 1804 A.
732 1778 763 1804 1.
802 1766 893 1820 Pag.
911 1765 998 1815 267.
1010 1765 1033 1803 l.
1050 1765 1106 1804 18.
1120 1765 1184 1804 col.
1204 1777 1236 1803 1.
1252 1765 1328 1815 Κᾴν
1344 1760 1644 1818 ταῖς)κόι·ὖτοιῖς
1656 1776 1722 1803 an-

459 1832 498 1858 te
512 1820 654 1859 editum
679 1819 788 1858 male.
811 1819 1045 1859 Cor-rexerat
1066 1818 1194 1859 Solan.
1210 1818 1279 1868 κᾷν
1301 1817 1401 1858 ταῖς.
1422 1819 1505 1871 Ego
1520 1825 1722 1859 accentum

459 1886 609 1913 tantum
633 1873 761 1913 sustuli
781 1872 1014 1913 differentiae
1037 1873 1169 1919 causa,
1191 1873 1281 1926 quia
1299 1873 1352 1911 est
1371 1885 1420 1911 ex
1437 1872 1502 1911 καὶ
1523 1872 1561 1911 ἐν
1575 1873 1724 1912 confla-

458 1939 540 1967 tum
554 1958 566 1976 ‚
583 1940 663 1967 non
677 1940 726 1966 ex
743 1929 808 1966 καὶ
831 1927 888 1967 ἂν.
912 1925 957 1966 Et
979 1926 1015 1966 ἐν
1032 1937 1230 1966 accentum
1249 1925 1410 1979 respuit,
1425 1926 1512 1966 licet
1533 1938 1626 1966 mox
1648 1921 1722 1976 κᾶν

457 1981 665 2028 servarim,
682 1981 772 2034 quia
790 1983 829 2020 δι
848 1981 920 2020 alia
936 1980 988 2019 ibi
1007 1991 1200 2031 corrupta.
1222 1981 1330 2033 Reitz.
1398 1981 1491 2033 Pag.
1515 1979 1602 2019 268.
1616 1980 1641 2019 l.
1662 1993 1722 2020 11.

453 2036 546 2082 Ἢν)
563 2034 717 2075 Omittit
733 2036 789 2074 Fl.
809 2032 962 2074 Habent
973 2045 1059 2074 cett.
1075 2034 1116 2073 δι
1129 2034 1169 2073 P.
1197 2033 1222 2072 l.
1241 2047 1301 2086 15.
1314 2033 1501 2087 Μετίωσι)
1516 2034 1615 2086 Lege
1627 2046 1725 2083 μετ.

462 2091 555 2127 ἔασι.
571 2089 642 2128 Sed
655 2089 705 2127 fic
719 2100 801 2127 erat
816 2090 851 2127 in
865 2088 962 2129 Cod.
979 2088 1051 2127 Ms.
1062 2089 1184 2127 Solan.
1253 2089 1343 2140 Pag.
1360 2089 1447 2140 269.
1461 2089 1484 2126 l.
1503 2101 1534 2127 1.
1551 2081 1723 2135 Αὐτοὺς)

461 2138 590 2181 axin-ofs-
607 2154 724 2195 marg.
740 2143 791 2181 A.
808 2156 840 2181 1.
895 2144 919 2181 l.
935 2156 968 2181 2.
981 2137 1359 2196 Αὖτεποιγγέλτοις)
1375 2141 1436 2181 Sic
1455 2141 1598 2181 restitui
1611 2154 1658 2181 ex
1672 2140 1725 2182 G.

462 2197 504 2235 L.
518 2196 556 2234 P.
571 2196 901 2250 Ἀνεποιγγέλτοις
916 2197 999 2236 edd.
1013 2191 1369 2250 Αὗτεπειγγέλτους
1381 2207 1499 2249 marg.
1513 2196 1564 2234 A.
1582 2208 1614 2235 ι.
1644 2195 1670 2234 l.
1684 2207 1724 2245 7.

460 2247 522 2302 Ὃ)
543 2249 662 2289 Deest
676 2252 713 2289 in
729 2251 785 2288 Fl.
813 2251 837 2289 l.
850 2264 886 2300 9.
901 2249 1128 2302 Γεννώμενα)
1144 2250 1362 2304 γιγνόμενοι
1373 2249 1429 2288 Fl.
1442 2249 1505 2289 Nil
1520 2249 1725 2303 yulgatum

464 2315 558 2342 mut.
576 2303 615 2342 Ρ.
665 2305 689 2342 l.
708 2316 721 2342 1
735 2317 764 2342 1.
778 2303 1023 2356 Τρέφεσ-Ξῑαι)
1047 2304 1257 2356 τρέπεσθαι
1283 2303 1325 2343 L.
1369 2303 1392 2342 l.
1413 2301 1726 2357 16.1“ι’)ιν6μενοι)
1758 2323 1759 2328 =

463 2357 678 2411 ’γεννώμενα
694 2370 810 2411 marg.
824 2361 874 2396 A.
893 2371 907 2395 1
930 2361 948 2396 Ῑ
950 2361 985 2396 V.
1032 2358 1122 2409 Pag.
1141 2371 1227 2406 270.
1241 2357 1266 2396 l.
1281 2358 1318 2396 8.
1332 2356 1650 2410 Διατάττεσῦοιι)
1665 2355 1727 2396 Sic

463 2411 548 2450 dedi
563 2423 611 2450 ex
624 2411 674 2451 G.
690 2410 730 2450 P.
743 2411 786 2450 L.
799 2411 840 2450 &
861 2424 977 2468 marg.
991 2411 1045 2449 A.
1064 2425 1096 2450 ι.
1115 2412 1183 2464 qui
1202 2410 1506 2450 ὃιοιτάσσεσῦαι.
1523 2411 1726 2450 Ananim-⁵
1758 2430 1760 2436 >

463 2470 602 2506 τεσὲαι
619 2464 702 2505 edd.
718 2466 875 2518 priores.
904 2465 926 2503 l.
941 2479 976 2518 9.
992 2464 1062 2517 Δὲ)
1080 2463 1196 2503 Abest
1211 2477 1232 2503 a
1247 2465 1299 2503 Fl.
1332 2465 1421 2517 Pag.
1443 2477 1531 2513 271.
1544 2465 1568 2502 l.
1587 2473 1618 2503 1.
1638 2463 1727 2517 Σοι)
1758 2495 1759 2498 ,

465 2518 582 2559 Abest
594 2519 641 2559 ab
653 2518 705 2559 O.
749 2519 773 2558 l.
789 2533 822 2572 3.
842 2518 998 2571 Μέλων)
1018 2518 1079 2558 Sic
1090 2514 1145 2558 Fl.
1166 2518 1226 2559 Fr.
1249 2519 1295 2558 B.
1318 2532 1352 2558 2.
1375 2519 1421 2558 P.
1443 2520 1482 2559 S.
1501 2518 1616 2558 Μέλει
1633 2518 1669 2558 1.
1685 2517 1726 2558 δέ
1757 2543 1760 2557 .
