1764 3419
461 236 556 296 am
662 232 1526 281 ANNOTATIONES

459 334 548 361 cum
563 321 600 360 in
613 320 833 368 Germania,
845 333 924 360 tum
939 322 975 360 in
991 321 1146 374 Anglia,
1158 322 1226 374 qui
1242 321 1373 360 surdos
1385 321 1598 361 docuerunt
1608 329 1720 365 mom

460 375 539 413 otis
554 375 680 414 literas
691 374 794 413 noss'e
806 375 847 414 δι
861 375 1109 426 pronuntiare
1122 388 1130 414 :
1145 375 1189 414 de
1201 387 1283 427 quo
1297 375 1416 414 exstat
1430 376 1579 428 elegans
1592 376 1721 417 differ-

458 429 554 467 tatio
568 428 710 480 Georg.
730 427 926 474 Morhofii‚
936 429 1008 466 viri
1022 427 1266 475 eruditiffimi‚
1281 430 1320 467 δι
1332 427 1446 467 nostri
1460 429 1740 472 studiofiffimi„

461 481 572 533 Quin
589 482 627 520 &
643 481 740 520 surdi
758 481 910 520 fuerunt
927 481 981 519 his
995 482 1032 519 in
1047 482 1168 529 terris,
1185 495 1262 521 non
1280 483 1372 526 nati,
1387 481 1445 520 sed
1463 483 1601 522 morbo
1614 482 1722 523 casu-

460 548 539 586 que
564 535 650 573 faffi
664 565 672 573 ,
698 535 763 585 qui
777 547 824 573 ex
841 546 949 572 motu
966 535 1156 574 labiorum
1172 548 1293 587 aeque
1315 546 1491 586 poterant
1508 536 1623 574 etiam
1635 537 1722 576 lon·

461 601 544 640 gius
558 601 578 626 a
595 589 630 626 le
644 599 813 626 remotos
824 615 835 634 ‚
853 587 892 626 δι
910 587 1141 628 muffitantes
1155 589 1361 640 intelligere
1372 619 1383 635 ‚
1399 601 1442 628 ac
1455 588 1482 627 st
1495 590 1721 630 articulatim

461 641 515 680 sm
522 641 626 692 gulas
641 652 760 680 voees
772 642 927 680 auribus
942 642 1196 693 percepissent.
1219 643 1268 681 Hi
1285 642 1462 680 videbant
1478 643 1625 690 sonum,
1640 656 1721 684 non

460 694 675 733 audiebant.
701 693 874 733 GRsz.
901 695 965 734 De
978 694 1057 734 filio
1071 695 1202 735 Croesi
1220 696 1306 734 vide
1322 696 1631 741 Herodotum‚&
1642 697 1722 737 No-

462 747 581 786 strum
593 748 740 786 'Ama-r.
751 760 833 799 cap.
852 762 911 800 25.
943 749 1122 801 Aliquem
1137 749 1268 789 naaus
1283 749 1328 788 sit
1342 748 1486 788 neceffe
1500 749 1572 796 est,
1595 762 1617 788 a
1638 763 1722 803 quo

461 800 603 853 absque
616 802 766 840 aurium
784 815 875 854 ope,
890 802 1055 855 linguam
1072 804 1110 842 &
1127 803 1272 854 reliqua
1287 803 1395 842 vocis
1406 816 1547 855 organa
1561 815 1724 845 movere

461 853 622 894 edofms
637 853 762 903 fuerit,
782 855 905 907 qualis
925 855 1156 908 potiffimum
1172 856 1296 895 nostra
1311 866 1434 895 aetate
1445 857 1583 896 nobilis
1597 857 1724 897 Medi-

463 920 536 947 cus
551 920 693 947 mutam
708 910 868 960 puellam
884 909 1051 948 Harlemi
1062 910 1166 962 loqui
1182 911 1313 950 docuit
1324 941 1333 951 ,
1349 909 1388 948 δι
1402 922 1450 949 ex
1462 911 1542 949 oris
1557 922 1663 950 motu
1679 921 1723 950 ut

462 961 666 1014 loquentes
682 962 927 1015 intelligeret,
948 962 1046 1002 fecit.
1072 965 1324 1015 Melampodis
1336 962 1504 1002 fabulam
1521 964 1609 1002 vide
1623 964 1725 1017 apud

464 1015 691 1067 Apollod.1‚
709 1031 743 1066 p.
765 1029 808 1067 ¹9
819 1016 867 1054 A.
881 1016 925 1054 Β.
943 1016 1099 1056 SOLAN.
1113 1014 1181 1055 Τοῦ
1193 1016 1471 1069 Μελάμπιὲος)
1485 1017 1560 1057 Cui
1576 1016 1725 1057 Draco-

463 1082 532 1108 nes
548 1070 754 1108 lambendis
771 1070 923 1109 auribus
945 1072 1074 1110 avium
1088 1071 1200 1110 etiam
1216 1070 1397 1110 sermonis
1414 1071 1642 1111 intelleRum
1656 1071 1727 1110 de-

463 1122 598 1162 derint.
617 1123 705 1162 Vid.
721 1122 812 1162 Plin.
825 1124 875 1170 Χ,
888 1137 953 1175 49,
967 1123 992 1163 s.
1009 1138 1074 1174 70,
1094 1124 1245 1177 &quos
1264 1125 1313 1163 ibi
1328 1127 1417 1163 citat
1437 1125 1620 1164 Harduin.
1644 1124 1725 1164 Bo-

466 1177 620 1216 chartus
633 1175 845 1228 praesertim
859 1178 1063 1226 Hier-ozi,
1081 1192 1115 1231 3,
1135 1190 1219 1230 pag.
1240 1192 1301 1225 21,
1316 1178 1380 1230 69,
1401 1190 1422 1217 a
1463 1191 1516 1217 uo
1528 1179 1593 1218 sua
1610 1177 1726 1221 habet

463 1231 686 1271 Harduinus
698 1231 838 1270 omnia.
853 1231 1099 1283 Addspanh.
1118 1231 1192 1270 diff.
1208 1247 1245 1280 4,
1261 1245 1297 1285 p.
1316 1245 1358 1269 21
1371 1245 1404 1282 5.
1467 1242 1553 1271 EsN.

516 1286 588 1323 ead.
603 1285 626 1322 l.
645 1299 676 1336 5.
696 1288 760 1323 Τὸν
775 1286 891 1332 'lmine
906 1284 1072 1336 ὀξύτερον
1087 1284 1301 1335 sesopne‘vm
1318 1283 1384 1324 τοῦ
1397 1285 1593 1338 Λυγκέως)
1608 1285 1724 1326 Hanc

462 1337 666 1377 leffionem
683 1339 844 1378 retinent
865 1351 1020 1386 omnes;
1048 1339 1160 1378 etiam
1175 1339 1316 1378 Latinis
1341 1339 1610 1391 interpretibus
1628 1337 1727 1380 offe-

460 1391 637 1431 rentibus
658 1391 783 1431 nescio
797 1404 912 1444 quem
926 1393 1065 1443 Iplmea.
1090 1393 1136 1432 Et
1157 1394 1221 1432 cui
1234 1392 1298 1431 iste
1311 1392 1395 1432 ralis
1407 1392 1582 1433 auditus?
1607 1393 1728 1432 mani-

460 1444 555 1485 feste
566 1456 737 1498 apparet,
757 1444 995 1494 transposltas
1010 1446 1134 1485 literas
1143 1459 1216 1498 pro
1233 1449 1362 1494 Φινέα,
1385 1456 1427 1485 ut
1437 1447 1581 1498 optime
1590 1445 1728 1486 adscri-

463 1497 537 1551 psit
551 1510 666 1550 pater.
697 1499 729 1538 ls
744 1498 961 1538 notiffirnus
980 1500 1018 1537 in
1037 1498 1200 1538 fabulari
1221 1498 1376 1539 historia
1390 1529 1403 1546 ,
1424 1499 1625 1553 &quidem
1636 1511 1729 1552 pro-

461 1562 549 1605 pter
569 1552 727 1599 oculos,
750 1553 816 1605 qui
834 1552 993 1592 fuerunt
1013 1553 1216 1593 excaecati.
1241 1552 1384 1594 GRON.
1408 1552 1570 1605 Optime
1589 1554 1630 1594 δι
1647 1552 1730 1606 ipso

464 1618 627 1659 quoque
646 1605 722 1646 hoc
736 1606 897 1658 Lynceo
917 1606 1080 1658 ὀξύτερον
1101 1607 1279 1647 viderunt
1291 1607 1491 1659 Menagius
1510 1607 1550 1647 δι
1567 1606 1729 1648 Grono-

465 1660 568 1708 vius,
584 1659 645 1699 hic
656 1660 695 1698 in
709 1661 809 1699 notis
822 1673 906 1714 pag.
917 1674 1009 1714 902,
1022 1659 1080 1700 ille
1094 1661 1131 1700 in
1147 1660 1567 1712 Addendis,legendum
1576 1660 1652 1701 effe
1666 1664 1732 1700 Φι-

464 1713 543 1753 νέα·
568 1726 638 1753 nec
658 1714 757 1753 enim
771 1714 878 1754 aliter
889 1716 1028 1767 legitur
1049 1715 1087 1752 in
1108 1715 1165 1754 ed.
1178 1716 1272 1755 Flor.
1291 1713 1395 1754 lens.
1433 1717 1546 1755 Φινέει
1563 1715 1730 1754 omnino

464 1767 667 1819 legendum
687 1767 848 1809 videtur.
875 1768 1023 1821 Guyet.)
1044 1768 1197 1808 Monuit
1219 1769 1316 1808 idem
1346 1767 1381 1807 la
1459 1780 1544 1808 oze.
1570 1769 1730 1808 Monuit

467 1822 624 1874 Menag.
639 1822 675 1860 in
690 1822 769 1861 add.
784 1823 840 1860 ed.
855 1822 1000 1862 Graev.
1024 1822 1069 1861 Et
1080 1835 1152 1861 nos
1166 1823 1401 1862 correximus
1411 1822 1566 1862 dudum.
1578 1822 1729 1862 Rttrz.

522 1875 602 1914 ibid.
613 1875 742 1929 Φινέα)
752 1878 823 1916 W.
832 1876 886 1916 Fl.
901 1876 940 1915 δι
960 1878 1001 1914 V.
1015 1889 1048 1915 2.
1061 1875 1248 1930 Reliquae
1259 1876 1339 1917 edd.
1355 1888 1474 1929 prave
1486 1875 1615 1925 Ἰφέα.
1626 1874 1728 1916 Vide

469 1929 653 1981 Apollod.
669 1929 704 1976 1,
719 1944 754 1982 p.
771 1940 818 1981 23
835 1929 882 1970 C.
906 1929 1063 1969 SOLAN.

523 1986 596 2022 ead.
612 1984 635 2022 l.
646 1996 682 2031 7.
693 1983 733 2022 Ὁ
746 1982 793 2023 ἒέ
803 1998 853 2036 ’γε
869 1981 980 2036 [αὐτὸ
994 1982 1124 2037 τοῦτο]
1153 1982 1316 2023 ἐπαινῶν
1327 1978 1405 2037 οὐχ
1417 1982 1537 2036 [ὅπως
1546 1979 1646 2036 οὗθ’]
1664 1980 1731 2036 ὅὶν)

470 2035 534 2076 Sic
550 2037 633 2089 lege
653 2035 805 2077 fortaffe
819 2050 828 2076 ε
851 2037 926 2076 {se
936 2052 986 2091 γε
998 2037 1162 2077 ἐπαινῶν
1174 2035 1238 2076 οὐκ
1248 2037 1295 2076 ἂν
1311 2037 1501 2086 wodani
1513 2051 1550 2077 τι
1563 2036 1640 2077 &c-
1654 2035 1733 2077 Ce-

470 2101 553 2130 tera
564 2089 680 2144 glossa
693 2091 878 2130 videntur.
901 2090 1070 2131 GUYET.

527 2146 601 2183 ead.
616 2144 687 2238 A}
709 2144 931 2197 Προσόντων)
950 2144 1065 2185 Conf.
1079 2144 1191 2199 supra
1205 2144 1280 2184 hoc
1290 2143 1393 2184 Dial.
1404 2155 1438 2184 c.
1458 2143 1505 2193 6,
1525 2143 1727 2198 διΣυγγρ.

474 2211 520 2238 ca
549 2227 558 2236 .
626 2227 636 2237 .
686 2209 817 2238 οιΛΝ.

522 2211 640 2291 ἰαέ.ςί.
661 2266 716 2291 12.
738 2251 802 2292 Ὡς
814 2252 921 2301 ἴσμεν
937 2252 1057 2304 ζώων)
1078 2251 1143 2292 Ὦς
1163 2253 1272 2304 ἴσμεν
1285 2251 1384 2304 ζῶον.
1407 2250 1576 2292 GUYET.
1594 2249 1732 2291 ‘'lm-mn

476 2305 680 2345 ἐπαινέσαι
701 2308 837 2352 θέλων,
859 2307 971 2356 φύσει
988 2306 1115 2356 κοῦφον
1129 2302 1175 2346 εἶν
1191 2320 1298 2357 ισμεν
1312 2307 1405 2357 ζώων
1419 2306 1507 2346 διευ
1517 2305 1709 2356 Interpres
1723 2334 1735 2353 ‚

478 2360 650 2399 laudando
669 2376 784 2413 equum
795 2391 806 2407 ‚
820 2373 945 2400 natura
959 2361 1059 2400 levem
1069 2392 1081 2408 ,
1095 2374 1135 2400 ut
1145 2377 1184 2400 ea
1188 2362 1318 2412 scimus
1329 2359 1392 2412 effe
1404 2359 1604 2399 animantia.
1625 2359 1737 2398 Haec

477 2412 563 2453 sunt
579 2413 798 2454 versionum
813 2414 991 2455 monstra.
1019 2415 1171 2460 Redde,
1184 2429 1304 2468 equum
1313 2415 1452 2453 laudare
1463 2413 1591 2460 volens,
1610 2423 1736 2450 natura

477 2468 579 2506 levem
594 2483 636 2507 ex
655 2469 712 2515 iis,
734 2484 818 2521 quae
831 2469 1001 2514 novimus,
1015 2468 1220 2508 animalibus
1234 2469 1310 2507 &c.
1333 2467 1398 2507 De
1410 2467 1487 2506 hoc
1500 2464 1736 2506 Hellenismo

477 2521 565 2563 vide
578 2521 691 2576 supra
705 2524 752 2564 ad
766 2523 815 2564 Τ.
829 2522 861 2563 1.
878 2522 983 2565 ltus.
1000 2523 1065 2564 Bis
1079 2519 1126 2563 ὥς
1147 2534 1219 2577 pro
1236 2517 1283 2565 ὃν
1304 2521 1482 2576 scriptum
1497 2519 1629 2561 eruin
1642 2529 1711 2560 not
