1764 3419
269 250 350 297 IN
400 250 552 297 PRO
601 244 1121 296 IMAGINmus„
1214 263 1307 315 405

48 348 98 378 ne
111 337 152 377 δι
162 336 310 379 Graece
324 340 425 380 reste
442 341 605 388 dicatur,
617 342 872 381 benevolentiam
887 342 946 379 tibi
966 341 1063 393 ineffi·
1080 341 1185 380 video.
1206 343 1307 382 Nam

50 390 182 430 ἐνεῖδον
203 406 260 431 σοι
283 394 381 432 idem
395 394 488 440 erit,
503 395 608 446 quod
621 390 716 435 siser
730 395 764 433 ἐν
791 409 869 442 σοι,
885 394 997 446 idque
1016 395 1196 446 exemplis
1212 396 1309 434 haud

48 443 213 496 indigere
240 446 422 494 arbitron
437 447 570 486 confer
588 459 713 498 tamen
729 448 831 488 Tox.
843 461 874 488 c.
889 462 907 499 3
933 447 959 486 f.
974 460 1016 487 ac
1029 446 1211 486 Nostrum
1230 460 1311 486 non

49 497 162 536 semel
177 498 264 537 alibi
277 498 326 538 sic
339 499 579 551 loquentem,
598 512 640 540 ut
656 513 703 540 ex
723 501 847 540 Indice
864 501 1073 553 apparebit.
1092 501 1198 539 Haec
1222 513 1311 539 cum

51 549 267 603 scripsissem
279 582 292 598 ,
307 552 440 591 lubens
454 555 646 605 cognovi,
665 553 820 594 Gesner.
838 566 986 594 mecum
1011 553 1153 593 sentire.
1169 554 1312 593 Rau.-

105 607 176 642 ead.
192 605 217 642 l.
241 606 645 656 ιι.Ἐν,«·ι-ιφρέιττομοιι)
669 607 772 646 Infra
794 606 1025 647 Chronosol.
1050 607 1065 656 §
1088 620 1146 655 ιι,
1162 607 1239 660 ἐγὼ
1264 607 1311 646 ἓὲ

50 652 194 696 ἶν’κιστοι
207 656 384 710 ἑπεφρέιγ
392 674 463 708 μην
478 663 568 710 προς
584 657 697 698 αὐτοὶ.
715 661 860 700 REITz.

63 731 66 734 >
109 711 145 748 in
155 711 270 749 Schol.
286 713 351 750 col.
367 727 401 750 2.
414 714 437 751 l.
455 727 489 751 2.
503 712 670 752 Κάλλους
683 713 777 766 &c.)
794 714 967 753 Alterum
981 714 1056 753 hoc
1070 713 1196 754 Schol.
1210 713 1254 753 ad
1268 713 1314 753 ti-

52 762 175 802 tulum
190 763 302 803 huius
317 764 408 804 Diff.
432 765 599 818 spedlans
621 767 660 805 in
677 767 755 806 duo
770 767 969 807 diremtum
992 766 1118 806 rursus
1137 769 1173 805 in
1191 780 1314 806 unum

50 816 194 868 redegit
218 816 379 858 Solanus
394 849 406 865 ‚
436 819 528 858 haec
550 819 587 857 in
611 833 728 872 marg.
751 820 903 860 addens:
932 823 1024 868 Πρὸς
1047 823 1130 859 τοὺς
1153 819 1315 860 Θεανοῦς

49 870 349 921 ἀντισυγκρίνοις
370 872 539 925 τύπους)
566 874 663 911 Haec
683 875 781 912 verba
803 875 899 926 quast
925 885 1037 912 textus
1061 875 1252 913 Lucianeus
1278 875 1315 912 1'71

50 923 162 976 priore
172 925 312 963 editione
331 925 636 975 praemittebantur,
651 927 685 965 ἃ
690 942 754 980 pro
769 926 943 975 Θεαινῶν,
962 927 1127 978 legebatur
1145 925 1316 967 Θεανοῦς.

8 1000 10 1002 v
55 978 156 1026 Quae
170 992 244 1016 cum
262 979 380 1017 nullibi
397 992 609 1030 compareant
620 1009 632 1026 ‚
647 993 706 1030 ego
730 982 825 1031 quasi
844 992 1071 1032 argumentum
1095 981 1196 1019 huius
1210 982 1311 1031 Apo-

52 1030 182 1080 lagiae,
197 1043 235 1070 ut
243 1031 417 1084 sequentia
430 1032 648 1083 suadebant,
662 1029 742 1073 huic*
758 1035 831 1072 loco
846 1034 994 1080 reddidi,
1020 1033 1054 1071 δ’
1070 1035 1209 1072 voculae
1222 1035 1314 1072 illius

55 1085 239 1124 mutatione
257 1100 331 1124 cum
345 1089 460 1124 ceteris
476 1099 515 1126 ut
529 1087 755 1133 cohaererent,
768 1087 849 1138 feci.
873 1088 1145 1125 Emendationem
1171 1089 1312 1140 nostram

52 1151 96 1175 ex
104 1136 275 1189 scriptura
299 1138 346 1178 C.
365 1141 557 1191 confirmari
576 1141 683 1179 video.
699 1141 788 1180 Idem
808 1153 919 1180 autem
926 1139 1101 1191 fizblitavit
1117 1141 1314 1193 scholiastes

16 1221 21 1227 .
56 1190 92 1229 in
105 1191 185 1230 Iove
203 1205 349 1246 utroque.

113 1245 200 1298 Pag.
218 1260 277 1296 29.
289 1249 314 1284 l.
327 1246 362 1284 8.
377 1247 503 1298 Νιρέως
518 1245 658 1285 κάλλος
673 1247 744 1285 {wo
760 1247 903 1285 Φάωνος
918 1246 934 1299 )
955 1246 1018 1285 De
1030 1247 1152 1285 Nireo
1167 1247 1317 1286 Home-

53 1310 139 1390 ndm
155 1299 327 1346 consule,
345 1299 465 1338 finon
481 1299 694 1339 meministi.
708 1299 770 1339 De
784 1300 936 1339 Phaone
949 1313 1022 1339 nos
1041 1300 1129 1339 alibi
1151 1301 1317 1340 diximus

57 1363 78 1392 a
119 1356 160 1390 N.
176 1358 221 1390 Δ.
233 1353 301 1392 ΙΧ.
315 1353 471 1392 SOLAN.

111 1408 183 1444 ead.
197 1407 218 1444 l.
238 1406 456 1460 12.'‘Ep‘yov)
477 1406 610 1447 Malim
633 1406 742 1462 ἔργῳ.
763 1409 950 1447 KUSTER.
971 1406 1054 1460 Ego
1077 1406 1167 1445 nihil
1190 1416 1315 1446 muto.

57 1458 215 1498 SOLAN.

113 1513 201 1566 Pag.
218 1526 277 1565 30.
291 1514 314 1551 l.
334 1528 367 1564 3.
385 1513 638 1566 ’Ene‘xpuor-to)
659 1513 782 1552 Prave
794 1525 905 1552 antea
921 1514 958 1552 in
973 1514 1152 1553 omnibus
1165 1512 1318 1565 impres-

58 1565 128 1612 fis,
151 1568 190 1605 &
212 1566 294 1619 ipso
310 1568 364 1606 M.
381 1568 565 1621 κέκρυπτο
592 1569 798 1619 legebatur.
818 1568 976 1606 SOLAN.
993 1570 1210 1619 Κεκρυπτο)
1229 1568 1322 1607 Non

60 1618 317 1660 obsecundavi
333 1621 496 1669 Solam,
516 1621 720 1673 ἐκέκρυπτο
739 1621 899 1660 scribere
918 1621 1073 1660 iubenti.
1087 1621 1174 1660 Alia
1189 1634 1248 1660 res
1262 1619 1321 1660 fo-

60 1683 140 1721 ret,
159 1673 188 1713 fi
203 1690 219 1712 ο
231 1685 382 1714 tantum
397 1676 433 1714 in
450 1691 475 1712 ω
488 1674 587 1714 foret
603 1675 824 1714 mutandum
836 1704 849 1720 ,
865 1674 929 1714 vel
943 1678 1318 1725 παρασκευοιοῃαένος,

60 1727 99 1766 in
114 1742 354 1779 παρεσκευ-
371 1729 408 1767 in
423 1742 503 1782 quo
518 1727 666 1768 facilius
681 1730 904 1768 aberrarunt
918 1727 1062 1767 scribae
1074 1759 1085 1776 ,
1099 1730 1138 1767 δι
1154 1729 1321 1781 apertius

62 1780 129 1828 est,
146 1782 234 1833 quid
249 1782 297 1820 ab
310 1781 479 1822 Luciano
494 1781 707 1834 profefflim
721 1812 731 1828 ‚
746 1782 836 1833 quia
850 1782 939 1821 alias
951 1782 1095 1835 ubique
1115 1796 1324 1833 παρεσκευ-

63 1836 224 1884 ασμένος
239 1835 301 1873 ait.
313 1836 368 1874 At
382 1836 421 1874 in
433 1847 644 1888 augmento
664 1835 848 1886 syllabico
861 1865 873 1881 ‚
892 1835 1056 1874 maxime
1071 1837 1107 1873 in
1123 1835 1323 1887 plusquam

62 1887 157 1941 perf.
174 1888 350 1941 exempla
362 1889 484 1928 omiffi
504 1890 697 1940 augmenti
719 1889 830 1927 nimis
851 1888 934 1928 sunt
950 1888 1185 1940 frequentia,
1208 1901 1326 1941 quam

65 1952 110 1982 ut
124 1944 254 1982 omnia
276 1956 347 1994 pro
367 1943 522 1982 totidem
543 1943 846 1982 aberrationibus
860 1941 931 1981 sint
951 1943 1118 1981 habenda
1131 1971 1141 1987 ,
1164 1955 1325 1981 eorum-

66 2009 143 2048 que
158 2009 206 2035 ex
223 1995 354 2049 prosae
368 1996 611 2049 scriptoribus
622 1997 736 2048 longe
749 1996 854 2048 plura
867 1996 1038 2047 exempla
1053 1995 1245 2046 poffemus
1257 2008 1328 2034 ex-

66 2050 217 2096 hibere,
237 2049 264 2088 sl
284 2062 363 2089 non
383 2049 594 2089 sufficerent
614 2062 681 2097 ea,
705 2062 804 2102 quae
819 2048 930 2101 supra
952 2050 1120 2088 dedimus
1135 2049 1181 2088 ad
1197 2050 1325 2093 1AVer.

66 2103 162 2143 Hist.
185 2116 219 2142 c.
236 2116 295 2155 13,
315 2104 382 2142 ubi
401 2105 611 2156 τετάχιιτο
635 2116 794 2156 quoque
813 2102 1030 2143 constanter
1053 2103 1203 2154 legitur.
1220 2102 1330 2141 Adde

68 2157 216 2196 Aelian.
233 2157 311 2203 VI,
329 2171 374 2197 12
386 2188 399 2203 ,
420 2156 692 2209 τεθιτσοιύριστο·
709 2155 800 2196 vm
813 2186 825 2202 ,
841 2170 879 2205 7,
905 2156 1145 2206 κεκόσμηντο·
1164 2156 1254 2195 ΧΙΙΙ
1267 2186 1276 2198 .
1293 2170 1328 2207 3,

16 2217 18 2219 ’
68 2207 302 2261 πεπλήρωτο.
319 2210 412 2248 lbid.
430 2211 469 2258 Ι,
485 2211 718 2260 πεφοίνιιιτο,
733 2222 777 2249 ac
792 2210 854 2248 vel
869 2210 990 2249 decies
1004 2210 1104 2249 alibi.
1123 2208 1238 2248 Conf.
1263 2209 1334 2247 Pe-

68 2264 136 2304 riz.
164 2265 213 2303 ad
234 2264 345 2302 eund.
367 2264 448 2310 111,
465 2277 534 2315 19,
553 2264 618 2302 ubi
640 2264 687 2302 ad
707 2264 814 2302 verb.
836 2263 1073 2302 ἐπελελοίπει
1097 2275 1161 2301 ηο.
1178 2262 1200 2300 8
1215 2263 1332 2301 etiam

73 2317 260 2367 νενόμιστο
273 2330 322 2356 ex
337 2316 434 2356 Plut.
451 2317 537 2356 Inst.
552 2318 728 2356 Laconic.
740 2316 861 2356 affert.
874 2316 1054 2359 Nostrum
1069 2317 1172 2355 Tox.
1195 2328 1225 2355 c.
1244 2330 1286 2367 13
1306 2314 1332 2353 f.

73 2370 142 2412 ubi
163 2372 440 2424 συγκεκρότιιτο
458 2383 528 2422 pro
547 2384 726 2421 συνεκεκρ.
744 2367 857 2409 *Adde
871 2370 911 2409 δι
933 2371 1049 2409 Zeux.
1074 2369 1089 2418 ς
1115 2382 1185 2415 ιο,
1206 2368 1336 2419 κροτά-

73 2423 169 2474 λιζον
182 2436 254 2476 pro
268 2424 511 2475 ἑκροτέιλιζον·
525 2424 862 2476 (quamquam'hoc
878 2424 1089 2462 imitatione
1106 2422 1268 2461 Homeri
1283 2421 1337 2459 di-

71 2476 186 2516 ἂυιτι.
204 2476 281 2530 )Εῑ
295 2477 405 2516 Alex.
419 2490 450 2516 c.
469 2491 515 2516 22
528 2507 541 2522 ‚
554 2473 784 2526 εὐὲοκίμουν,
801 2489 879 2516 non
903 2473 984 2515 ηὗέ.
1005 2476 1113 2514 Adde
1128 2475 1336 2513 Herodian.

71 2529 130 2580 11,
150 2530 200 2578 8,
217 2531 288 2578 16,
307 2530 591 2584 συνευφραίνετο
610 2531 651 2570 in
682 2545 720 2584 3,
742 2543 837 2586 quas
849 2529 1023 2571 consului
1037 2559 1048 2575 ‚
1069 2529 1151 2568 edd.
1174 2527 1246 2568 Sed
1267 2527 1339 2567 ibi-

969 2581 1092 2635 ‚003
