1764 3419
452 241 548 285 414
654 218 1518 270 ANNOTATIONES

453 312 501 351 ad
518 312 652 365 plural.
665 311 775 352 simul
790 320 1080 352 concurrerent.
1104 308 1192 349 Esto
1207 319 1333 349 tamen
1344 340 1355 356 ,
1368 310 1610 363 intelligatur,
1623 311 1713 364 quia

450 366 581 405 viricl.
597 366 787 406 Gesncrus
802 378 890 404 cum
910 363 1053 409 lensio,
1078 376 1138 402 me
1160 362 1476 415 perspicaciores,
1495 364 1546 404 sic
1560 364 1712 404 volunt.

453 419 604 458 REITz.
633 419 701 458 Ms.
717 419 812 471 Reg.
830 430 947 469 2955:
975 416 1085 456 ἐκεῖνο
1104 416 1151 455 δέ
1177 431 1221 456 σε
1239 417 1335 467 φημὶ
1356 416 1508 464 εἰδέναι,
1526 416 1712 457 τοιαῦται

451 472 538 523 ἡμῖν
561 475 632 511 τὰς
651 473 818 523 ἀφορμὰς
835 472 906 510 διε.
928 471 968 510 &
983 469 1034 509 stc
1046 469 1258 509 restitutum
1271 469 1358 508 vult
1369 470 1415 510 cl.
1428 471 1471 510 B.
1484 471 1532 509 de
1544 470 1638 510 Ball.

507 527 581 564 ead.
600 526 624 564 l.
645 540 700 575 ¹5·
728 529 819 573 Hpbc
833 527 876 562 ‘rb
893 522 1100 576 ὑπερέχον)
1121 523 1223 562 Ἀλλ’
1243 522 1283 563 ἥν
1295 537 1355 562 τις
1368 526 1456 574 πρὶς
1466 526 1510 561 ‘rb
1527 522 1712 576 ὑπερέχον

452 577 500 617 ὣς
513 574 582 617 οἷόν
604 592 648 618 τε
660 578 842 628 ἐμβιβάζῃ
854 580 898 616 τὸ
916 577 1182 625 ἐπαινούμενον,
1197 578 1235 627 fi
1249 578 1338 628 quod
1349 577 1524 624 laudatur,
1545 579 1593 615 ad
1605 577 1712 616 excel-

452 632 588 676 lentius,
601 634 714 684 quoad
713 631 792 682 fieri
800 630 935 682 poterit,
948 631 1112 669 extulerit.
1131 629 1213 669 Nec
1225 629 1390 678 Graeca,
1400 642 1471 669 nec
1483 630 1616 669 Latina
1628 642 1712 668 ver·

452 685 503 723 ba
518 685 765 747 reprehendo.
794 683 992 723 Efficacius
1017 695 1141 722 tamen
1155 694 1269 722 vetus
1282 683 1418 722 Codex
1430 685 1518 733 πρὶς
1529 688 1572 722 ro
1585 679 1715 733 ὑπερέ-

454 752 527 792 χον
541 751 588 777 ως
605 735 675 777 οῖον
687 752 730 776 τε
742 737 1009 789 προσβιβάζων,
1022 748 1066 776 ut
1075 749 1137 789 ap.
1149 736 1304 775 Latinos
1313 737 1512 789 provehens.
1536 736 1711 777 GRAEV.

509 794 583 832 ead.
593 793 617 830 l.
627 793 684 832 16.
694 791 942 843 Προσβιβ-έιζῃ)
952 793 1022 830 W.
1033 791 1073 831 δι
1083 790 1122 829 Ρ.
1137 803 1224 829 cum
1235 789 1380 830 Graev.
1393 789 1547 829 faciunt.
1557 790 1716 830 SOLAN.

513 846 606 898 Pag.
615 861 640 894 4
648 859 662 897 5
670 875 678 884 .
690 845 713 882 l.
724 859 757 883 2.
773 843 933 896 Εἰὲένοιι)
943 843 1115 896 Quidam
1125 843 1207 883 libri
1220 842 1396 883 mendose
1412 843 1545 883 ise‘m.
1555 843 1711 884 SOLAN.

511 902 585 938 ead.
601 899 625 938 l.
635 912 674 948 7.
691 898 824 938 Ποιητῖι
831 897 865 950 ς)
879 898 991 937 Unde
1006 898 1141 936 habeat
1152 927 1166 943 ,
1188 896 1327 936 nescio.
1345 895 1504 936 SOLAN.

507 956 580 991 ead.
595 954 619 993 l.
632 966 667 1003 9.
688 950 849 990 Γλαῦκον
870 954 934 990 τὸν
958 951 1001 989 ἐκ.
1022 949 1228 1003 Καρύστου)
1249 948 1372 1004 Supra
1387 951 1506 990 Zeux.
1524 949 1549 989 f.
1563 949 1715 1004 aliisque

458 1006 555 1046 locis
569 1018 661 1045 mox
675 1005 721 1044 ab
735 1004 878 1044 Solano
894 1004 1106 1044 indicandis.
1123 1003 1271 1043 Rmz.

509 1062 581 1099 ead.
597 1061 620 1098 l.
641 1072 698 1107 ¹4·
727 1058 811 1097 Πῶς
823 1080 868 1088 -
881 1057 1055 1105 ποιητὴς)
1071 1057 1250 1097 Pindarus
1267 1057 1366 1096 haud
1387 1057 1518 1105 dubie3
1543 1055 1603 1096 sed
1618 1057 1716 1098 inter

456 1126 526 1162 ea,
540 1125 638 1165 quae
653 1111 764 1151 hodie
778 1110 992 1162 supersunt,
1011 1123 1090 1150 non
1109 1111 1238 1151 exstat.
1263 1111 1421 1151 SOLAN.

513 1171 586 1206 ead.
600 1168 622 1205 l.
641 1180 700 1215 17.
715 1163 840 1218 Ὁρᾷς)
857 1164 961 1218 Ὁρᾷς
973 1164 1108 1204 ὁποίοις
1127 1161 1238 1204 αὐτὸν
1250 1163 1451 1218 (Γλαῦκον)
1463 1162 1559 1204 θεοῖς
1569 1162 1717 1211 εἴκασα

454 1215 642 1272 (Ὄμηρος
653 1219 810 1271 scilicet)
824 1220 970 1268 μᾶλλον
981 1218 1026 1258 δὲ
1038 1219 1099 1256 καὶ
1110 1214 1234 1257 αὐτῶν
1248 1218 1388 1258 ἐκείνων
1403 1218 1578 1267 ἀπέφηνε.
1591 1217 1717 1256 Locus

452 1274 564 1313 bono
584 1272 689 1313 sensu
707 1273 918 1312 mutilatus:
946 1272 1200 1312 condonanda
1218 1272 1345 1325 itaque
1364 1284 1442 1311 non
1455 1271 1564 1311 nimis
1580 1269 1666 1323 pers
1687 1272 1718 1309 i-

457 1328 539 1367 caci
552 1326 751 1378 interpreti
765 1326 897 1366 nostro
910 1325 1044 1366 insulsa
1055 1325 1197 1372 versio,
1215 1326 1322 1372 vides,
1333 1326 1488 1378 quaEhus
1501 1324 1589 1363 Diis
1605 1325 1641 1376 ip
1658 1339 1716 1363 um

460 1382 647 1432 affimilarit
656 1382 677 1418 Ρ
698 1380 777 1432 quin
785 1382 901 1432 potius
918 1381 995 1432 ipsis
1005 1380 1206 1432 imaginibus
1217 1382 1376 1433 expreffi't.
1399 1379 1476 1419 Ubi
1491 1379 1554 1417 hic
1567 1389 1717 1417 memo-

458 1446 594 1473 rantur
605 1433 810 1486 imagines?
838 1433 956 1480 Puto,
977 1445 1066 1472 eum
1081 1432 1206 1486 legiss'e
1221 1433 1375 1481 εἰκόνων,
1393 1445 1471 1472 non
1486 1431 1638 1471 ἐκείνων.
1664 1431 1719 1470 At

457 1488 522 1526 vel
543 1486 592 1527 s1c
610 1500 680 1527 nec
700 1487 849 1527 Graece
871 1488 907 1526 id
929 1485 1035 1526 sensu
1055 1486 1146 1526 sano
1161 1487 1364 1532 diceretur,
1381 1498 1452 1526 nec
1472 1485 1574 1525 τεᾶε
1585 1485 1718 1524 Latine

456 1542 559 1580 verti
602 1540 706 1581 offet-
728 1541 932 1586 Lucianus,
951 1553 1031 1592 quo
1043 1540 1237 1592 probaret,
1257 1540 1564 1590 comparationes
1586 1550 1718 1591 peten-

455 1595 524 1634 das
543 1607 564 1634 e
595 1608 617 1633 e
639 1595 686 1633 ab
711 1594 824 1634 rebus
847 1595 1000 1633 minime
1015 1594 1217 1633 vilioribus
1239 1595 1281 1634 &
1302 1593 1566 1639 inferioribus,
1593 1592 1718 1632 attulit

455 1648 676 1701 exemplum
699 1648 862 1694 Glauci,
886 1649 932 1688 de
953 1660 1034 1700 quo
1057 1648 1252 1687 Homerus
1270 1647 1428 1694 dixerit,
1451 1659 1498 1686 ne
1519 1644 1721 1686 Pollucem

459 1702 613 1755 quidem
628 1733 639 1748 ,
654 1714 780 1754 neque
794 1700 1084 1741 robustiffimum
1097 1701 1322 1748 Herculem,
1339 1713 1473 1740 manus
1487 1699 1572 1739 suas
1583 1710 1718 1740 contra

458 1769 549 1795 eum
577 1757 716 1795 audere
739 1755 884 1795 tollere.
913 1756 988 1795 lam
1015 1756 1065 1794 ait
1077 1785 1087 1800 ‚
1116 1756 1244 1801 viden’,
1268 1756 1388 1808 quibus
1410 1755 1497 1793 Diis
1522 1753 1719 1793 Homerus

461 1809 654 1849 Glaucum
667 1810 897 1861 compararit?
909 1811 988 1863 quin
1000 1810 1034 1848 δ’
1044 1810 1112 1847 illis
1125 1811 1203 1861 ipfis
1216 1809 1411 1848 declaravit.
1426 1807 1623 1847 Marcilius
1636 1808 1719 1859 pul·

458 1864 550 1902 chre
562 1864 678 1910 vidit,
696 1862 890 1902 defiderari
911 1863 1077 1914 κρείττω·
1103 1875 1182 1902 non
1198 1873 1345 1902 tantum
1367 1861 1501 1902 scilicet
1516 1859 1601 1900 Diis
1612 1873 1719 1900 com-

457 1918 610 1968 paravit
628 1918 821 1956 Homerus
840 1917 1054 1962 Glaucum,
1073 1915 1132 1955 sed
1155 1916 1196 1955 &
1217 1918 1258 1955 iis
1280 1916 1480 1955 fortiorem
1501 1914 1721 1955 declaravit.
1763 1956 1764 1961 ,

461 1969 665 2010 Poffumus
680 1971 845 2010 molliori
858 1971 1120 2010 emendatione
1130 1969 1299 2022 defungi,
1317 1970 1482 2021 legentes
1493 1968 1627 2020 ἀμείνω
1644 1966 1720 2020 pro

460 2024 619 2081 {grimv-
644 2025 754 2077 plane
771 2026 824 2063 uti
841 2025 957 2064 modo
973 2023 1166 2075 praeceffit
1177 2053 1187 2070 ‚
1210 2022 1284 2063 ἑνδς
1298 2023 1424 2075 &vespm
1437 2022 1566 2076 ἔλεγεν
1583 2022 1719 2072 ἀμείνω

461 2081 555 2116 εἶναι
570 2074 693 2117 αὐτόν.
710 2078 900 2117 Haeciam
916 2077 1146 2127 scripseram,
1161 2077 1225 2116 ubi
1244 2078 1280 2116 in
1289 2075 1546 2116 Florentinam
1559 2076 1615 2114 ed.
1634 2076 1721 2116 inci·
1762 2118 1764 2123 ,

460 2130 578 2177 dens,
597 2132 670 2169 vidi
692 2131 764 2171 illic
776 2132 877 2171 clare
890 2133 939 2170 ita
953 2132 1048 2183 legi,
1067 2144 1109 2170 ac
1125 2131 1201 2182 ipse
1212 2130 1482 2170 constitueram
1495 2159 1508 2177 ,
1530 2128 1598 2168 nist
1611 2128 1719 2181 quod

459 2183 541 2236 ipsa
553 2198 632 2223 vox
642 2185 781 2223 {astum
796 2184 941 2224 servata
956 2186 1009 2224 est
1021 2187 1174 2237 integra.
1192 2185 1355 2237 Nempe,
1367 2182 1512 2234 μᾶλλον
1523 2180 1568 2222 δὲ
1579 2184 1644 2222 καὶ
1656 2179 1721 2223 αὖ·

460 2237 537 2277 ’τῶν
550 2238 688 2278 ἐκείνων
704 2239 840 2288 ἀμείνω
854 2240 1025 2286 ἀπέφηνε.
1050 2239 1186 2278 Aldina
1201 2240 1257 2277 ed.
1273 2239 1428 2292 perinde
1439 2268 1451 2285 ,
1472 2249 1518 2277 ac
1535 2237 1720 2289 reliquae,

462 2293 597 2330 mutila
608 2292 670 2331 est.
680 2292 783 2331 I-ENs.
796 2292 1047 2344 Adscripl'erat
1057 2291 1268 2331 Hemsterh.
1282 2292 1472 2343 principio
1483 2291 1594 2330 huius
1605 2302 1720 2330 notae

465 2343 677 2384 lensianae:
691 2346 843 2385 Fallitur
853 2360 864 2393 3
875 2359 961 2384 nam
975 2360 1044 2385 nec
1053 2346 1245 2386 Glaucum
1256 2346 1506 2385 Homericum
1516 2344 1721 2395 Lucianus,

464 2396 525 2437 sed
543 2398 766 2449 Carystium
781 2400 972 2451 intelligit,
994 2413 1117 2452 neque
1128 2400 1224 2439 adeo
1239 2401 1465 2439 Homerum.
1487 2398 1633 2438 REITz.

517 2452 595 2491 ibid.
620 2452 768 2491 Μᾶλλον
782 2453 826 2492 Σὲ
845 2454 906 2491 καὶ
922 2450 1042 2492 αὐτῶν
1062 2453 1226 2506 ἐκείνων)
1252 2454 1402 2492 Μᾶλλον
1418 2452 1462 2492 ἒὲ
1479 2452 1541 2491 καὶ
1563 2452 1718 2504 κρείττω

464 2500 586 2547 αὗτῶν
613 2506 768 2547 ἐκείνων.
797 2507 985 2548 MARCIL.
1012 2508 1202 2555 Vertitur,
1225 2508 1306 2561 quisi
1325 2507 1440 2559 potius
1456 2506 1535 2560 ipsis
1556 2506 1719 2559 imaginis-

1754 572 1764 706 μισ-.-οι
1755 519 1764 545 ἢ
1754 411 1764 491 v-—avs
1756 295 1764 384 ι-κ-ψ.

1752 934 1764 974 fi-

1751 1039 1764 1404 ΞῑὯαΞει--εἱτκ

1752 1537 1764 1671 oe-n,-
1753 1484 1764 1511 -
1753 1417 1764 1457 Ε·
