1764 3419
307 244 373 289 IN
406 243 621 290 IOVEM
655 244 1085 292 TRAGOEDUM.
1166 265 1168 268 ¹
1239 266 1326 313 549

71 325 164 366 dixit
183 340 256 380 pro
276 340 348 374 e0‚
372 328 477 381 quod
492 327 544 367 est
566 328 700 369 causae
717 330 880 369 diffidere
899 330 939 370 δι
961 332 1248 371 contentionem
1272 347 1328 373 re-

67 380 251 433 linquere.
275 381 460 433 Desperat
479 382 580 421 enim
595 413 606 430 ,
621 382 786 435 quisquis
809 384 845 422 in
869 384 970 424 bello
993 397 1098 423 arma
1121 386 1268 434 abiicit,
1286 388 1326 427 δι

70 445 138 474 aut
151 434 279 487 fugam
292 434 445 487 spectat,
461 446 527 474 aut
543 447 704 475 mortem
719 436 919 488 exspectat.
935 438 1072 478 Graeci
1087 436 1239 489 simplici
1256 453 1328 478 vo·

59 488 213 527 cabulo
235 487 485 540 ῥιψάσπιέοις
504 501 647 528 vocant
672 490 831 529 timidos.
856 490 897 529 Id
920 492 1158 544 cognominis
1181 491 1328 531 Demo-

69 539 218 580 sthenes
240 543 279 580 in
303 543 451 594 proelio
470 543 662 593 quondam
676 545 847 583 emeruit.
864 544 1107 596 Cleonymus
1128 545 1226 598 apud
1245 547 1327 584 Ari-

68 593 192 646 stoph.
207 595 245 634 in
259 595 288 633 F
293 608 352 634 uc.
371 595 672 642 ἁσπιδωπόβλης
697 598 916 650 appellatur.
932 598 1038 638 Plato
1057 600 1155 638 libro
1175 600 1220 638 de
1235 599 1325 651 Leg.

68 647 142 740 {4:11
158 648 332 698 declarat,
346 648 586 700 ῥιψάσπιὲος
601 662 742 690 nomen
763 652 885 691 multo
899 652 1226 705 probroslffimum
1241 653 1327 693 ess'e.

110 711 221 741 OGN.

122 757 194 794 ead.
215 756 238 793 l.
256 768 314 794 10.
330 754 474 803 Πῶλον,
493 754 555 794 καὶ
576 755 789 810 Ἀριστόὲ.)
809 756 896 798 Τοὺς
917 755 1135 812 ὑποκριτάς,
1159 758 1327 801 GUYET.

64 808 171 902 ¹vige
186 808 296 861 supra
315 822 398 849 not.
414 811 459 849 ad
478 813 562 850 Μεν.
584 822 665 863 cap.
685 812 748 860 16,
769 811 811 851 &
833 813 907 852 hoc
930 812 1013 865 ipso
1035 812 1226 866 opusculo
1241 827 1326 867 cap.

101 891 108 900 .
153 872 281 902 OLAN.

71 876 95 915 3
121 918 193 955 ead.
208 918 230 955 l.
250 930 263 954 1
274 931 309 956 2.
320 916 513 966 Ἐμβέιὸοις
525 915 542 969 )
556 916 618 956 Sic
633 918 677 954 Ρ.
696 917 767 957 Sed
783 918 960 968 ἐμβάτας
974 919 1004 959 I.
1022 919 1066 957 B.
1085 932 1115 957 1.
1134 920 1185 959 H.
1201 922 1241 959 S.
1257 920 1328 959 Er·

67 981 122 1021 go
144 969 285 1010 siclam
304 971 412 1023 lego,
433 982 642 1022 notamque
666 971 712 1009 ad
734 971 918 1012 Scholion
941 972 1102 1012 eiusdem
1126 972 1235 1012 verbi
1253 974 1329 1025 pla-

59 1035 118 1063 ne
130 1023 249 1063 deleo.
269 1024 340 1063 Sed
353 1024 489 1064 reffius
507 1023 602 1063 haec
622 1024 791 1064 distinua
813 1026 852 1065 δι
871 1025 1040 1078 expreffa
1056 1026 1157 1065 Adv.
1180 1027 1326 1067 Indoct.

69 1088 106 1116 c.
124 1078 148 1116 6
159 1106 169 1123 ‚
184 1078 224 1117 δι
239 1078 388 1117 Saturn.
403 1091 485 1131 cap.
501 1077 720 1130 19.Rnrz.
737 1079 772 1117 in
792 1081 948 1119 Addend.
967 1081 1001 1118 6·
1022 1081 1146 1132 corrig.
1162 1081 1265 1119 Nota
1281 1082 1327 1120 ad

65 1129 247 1171 Scholion
261 1131 314 1171 s1c
329 1132 511 1172 habebat:
530 1132 752 1186 Ἐμβάτοις)
775 1132 836 1172 Sic
861 1134 917 1173 bis
939 1132 1114 1185 scriptum
1139 1134 1173 1172 in
1195 1134 1326 1174 Schol.

54 1196 159 1232 ,cum
175 1184 352 1236 ἑμβέιὲας
371 1185 471 1225 re&e
490 1185 527 1224 in
541 1195 648 1224 textu
666 1186 836 1226 Luciani.
852 1187 921 1226 Sed
940 1188 1089 1227 utrovis
1104 1188 1221 1227 modo
1236 1187 1325 1227 scri-

54 1234 186 1286 'bitur‚
208 1239 344 1290 ἐμβὰς,
357 1239 472 1288 Γοἰὲος,
488 1239 528 1278 &
542 1238 570 1278 οἱ
584 1239 766 1290 ἐμβάται.
778 1240 865 1279 Vid.
886 1240 978 1280 Poll.

122 1295 196 1332 ead.
211 1293 235 1332 l.
256 1306 313 1346 ¹3·
339 1292 649 1347 Προγαστρίθιει)
667 1292 768 1332 Cum
785 1294 1013 1347 προγάστωρ
1029 1293 1073 1332 fit
1085 1323 1097 1339 ‚
1111 1294 1172 1333 cui
1190 1305 1326 1334 venter

65 1347 277 1396 prominet,
307 1346 421 1400 poffis
443 1345 727 1400 προγαστρίδια
749 1357 884 1399 putare
909 1347 1090 1399 pulvillos
1113 1346 1326 1387 affimulan-

63 1399 116 1439 do
136 1401 261 1440 ventri
277 1400 496 1451 prominulo
511 1410 632 1452 aptos.
654 1399 725 1439 Sed
747 1401 860 1440 etiam
885 1400 995 1454 poffit
1018 1401 1130 1441 vestis
1149 1400 1222 1441 effe
1240 1413 1329 1442 ante

0 1475 1 1486 κ
66 1465 242 1494 ventrem
263 1454 435 1507 suspendi
449 1453 555 1493 solita
572 1453 645 1494 &c
665 1453 791 1495 GEsN.

122 1511 195 1548 ead.
211 1510 234 1547 l.
255 1522 310 1555 14.
324 1508 531 1558 Σωμάτιιι)
548 1509 610 1547 Bis
624 1507 667 1546 ad
683 1507 815 1548 scenae
827 1518 1053 1561 apparatum
1072 1508 1110 1546 δι
1129 1508 1330 1548 vestimen-

67 1573 107 1601 ta
124 1562 342 1602 histrionica
357 1561 470 1602 refert
486 1561 633 1601 Pollux.
650 1560 760 1612 Quid
779 1562 805 1601 si
822 1563 936 1613 origo
951 1561 1036 1601 inde
1051 1561 1188 1602 Gallici
1211 1565 1328 1614 corset,

62 1617 203 1655 eodem
217 1616 335 1656 modo
350 1615 519 1663 formati,
537 1615 578 1654 δι
597 1615 817 1655 Germanici
831 1616 1000 1667 Leibgen?
1015 1616 1154 1667 quibus
1169 1617 1330 1655 nomini-

67 1669 142 1709 bus
160 1670 286 1709 notari
301 1669 444 1709 vestem
456 1699 470 1715 ,
484 1669 705 1708 muliebrem
723 1668 960 1722 praesertim,
986 1682 1063 1722 qua
1089 1670 1227 1709 arelius
1241 1683 1329 1710 cor·

69 1736 145 1776 pus
160 1723 365 1777 stringitur,
379 1734 516 1763 notum
529 1721 593 1763 est.
610 1722 736 1763 GESN.

61 1800 64 1802 v
124 1778 216 1829 Pag.
233 1792 318 1827 274.
335 1778 359 1815 l.
375 1791 408 1815 1.
422 1776 522 1816 Ἐπεὶ
541 1775 618 1814 καθ’
632 1776 762 1816 ἑαυτὸν
784 1775 926 1816 ὁπόταν
946 1774 962 1815 ὅ
984 1773 1207 1829 Εὗριπίέης)
1225 1777 1328 1817 Ἐπεὶ

67 1832 157 1870 aa&
184 1832 317 1870 ἑαυτὸν
342 1830 485 1870 ὁπόταν
508 1829 524 1868 ὅ
550 1827 747 1881 Εὐριπίδης
758 1861 770 1878 ,
797 1830 916 1881 μηθὲν
944 1829 1226 1883 ἐπεισαγούσης
1258 1830 1326 1871 τῆς

67 1885 204 1939 χρείαις
230 1885 301 1924 τῶν
320 1884 540 1937 δραμάτων,
561 1886 615 1923 τὰ
635 1882 820 1924 δοκοῦντὰ
842 1885 873 1923 οἱ
893 1884 984 1937 λέγῃ
998 1914 1010 1930 ,
1029 1882 1188 1923 ἄκουσον
1208 1881 1328 1923 αὐτοῦ

68 1933 159 1978 τότε
177 1938 532 1991 παῤῥησιαζομένου.
559 1937 620 1977 Sic
645 1938 728 1990 lege
750 1938 791 1977 δι
808 1938 1044 1990 interpunge.
1054 1935 1229 1977 Ἄκουσον
1255 1951 1328 1989 pro

70 1993 236 2046 vulgato
250 1991 401 2041 ἀκούσῃ,
419 1992 524 2044 quod
535 2002 662 2031 tamen
677 2004 765 2030 cum
779 1992 816 2030 in
830 1993 899 2031 hac
912 2021 925 2037 ,
939 2003 1022 2030 turn
1036 1992 1075 2029 in
1087 1991 1328 2031 Salmurienfi

69 2046 128 2086 ed.
150 2046 487 2100 typographorum
504 2046 602 2085 vitio
622 2045 674 2084 est
689 2044 887 2093 omiffum,
902 2045 941 2085 δι
959 2049 1051 2084 τότε
1067 2057 1116 2084 ex
1129 2044 1198 2084 Ms.
1216 2058 1330 2096 repo-

70 2099 138 2140 sui.
164 2102 246 2140 Cum
269 2115 312 2139 ex
323 2100 394 2151 sua
405 2099 571 2152 sententia
595 2099 792 2152 Euripides,
817 2100 914 2138 nulla
935 2100 1113 2151 necefficate
1127 2098 1330 2150 fabularum

68 2155 277 2206 compulsus,
295 2169 378 2207 quae
396 2154 460 2206 ipsi
475 2154 642 2200 videntur,
658 2152 809 2204 profert,
826 2153 1001 2192 auditune
1019 2153 1113 2192 libere
1134 2154 1327 2205 loquentem.

71 2207 247 2248 GRAEV.
259 2208 357 2247 Ἐπεὶ
368 2204 594 2246 καθ’ἔοιυτὸν
608 2206 753 2246 ὁπόταν
768 2206 782 2244 ὃ
798 2202 1007 2258 Εὗριπίὲης,
1018 2206 1138 2256 μηδὲν
1156 2205 1332 2259 ἐπειγού-

70 2276 140 2302 σης
153 2261 223 2303 τῖς
236 2261 370 2315 χρείαις
383 2260 457 2300 τῶν
479 2260 701 2312 δραμάτων,
723 2261 776 2300 τὰ
790 2258 977 2299 δοκοῦντά
993 2259 1023 2298 οἱ
1046 2261 1139 2312 λέγῃ
1153 2289 1167 2306 ,
1189 2258 1326 2308 ἀκούσῃ

72 2316 93 2369 (
106 2317 201 2355 hanc
214 2328 354 2356 vocem
373 2313 581 2354 omiserunt
593 2313 783 2365 sequiores
795 2313 978 2366 editores)
993 2310 1109 2352 αὐτοῦ
1122 2326 1218 2351 ποτε
1232 2315 1331 2361 παῤ·

71 2369 354 2421 ῥησιοιζομὲνου.
378 2368 439 2408 Sic
464 2369 593 2408 locum
619 2368 721 2406 hunc
741 2367 1084 2419 interpungendum
1107 2365 1204 2414 effe,
1229 2367 1331 2406 reete

71 2425 222 2463 monuit
237 2422 430 2464 Graevius
442 2434 525 2474 pag.
540 2421 617 2471 874
631 2421 688 2459 ed.
709 2420 830 2461 Amst.
845 2421 933 2459 Alia
952 2420 1169 2459 mutatione
1188 2420 1259 2458 hic*
1270 2419 1330 2458 lo·

71 2490 140 2516 cus
154 2477 264 2529 plane
281 2489 359 2515 non
373 2476 531 2525 indiget,
540 2486 583 2514 ut
596 2475 663 2527 qui
678 2473 722 2513 sit
733 2474 1007 2514 finceriffimus.
1024 2472 1232 2526 Disputant
1249 2471 1330 2511 Da-

68 2531 140 2571 m'ffi
167 2530 208 2571 δι
236 2529 431 2579 Timocles
442 2524 539 2580 {ille
551 2541 664 2579 „non
692 2527 766 2571 effe
795 2541 883 2579 eos,
902 2528 988 2623 qi&
993 2527 1114 2579 vulgo
1136 2525 1306 2569 ferantur
1317 2553 1332 2572 ,

999 2593 1036 2622 ¹¹¹
1068 2595 1086 2634 3
