1764 3419
453 190 549 250 4&
658 187 1535 240 ANNOTATIONES

458 330 487 372 S
509 280 602 330 Pag.
621 279 708 328 148.
730 281 754 319 l.
775 279 810 319 8.
834 278 897 319 Ὠς
914 278 959 318 ἑὲ
982 275 1085 320 οὐθὲν
1103 276 1220 329 ἄλλο)
1249 280 1311 321 Ὡς
1325 279 1371 320 δὲ
1391 277 1495 322 οῦδὲν
1509 281 1607 323 {osor
1619 282 1717 323 ἄλλο

513 390 586 426 ead.
601 388 624 425 l.
639 400 676 438 9.
697 384 881 432 Λαβόντες
895 385 978 438 καὶ)
994 385 1071 425 Pro
1083 386 1268 431 λαβόντες
1280 385 1346 436 ἐμὲ
1358 387 1421 426 καὶ
1431 390 1496 427 τὶν
1509 388 1581 428 &c.
1598 388 1661 428 An
1672 391 1717 428 τδ

458 437 527 490 ἐμὲ
545 441 686 480 excidit
707 439 1003 478 restituendum?
1030 439 1120 478 Vid.
1137 439 1197 478 lib.
1219 451 1311 479 vett.
1332 439 1501 480 GUYET.
1517 441 1562 480 In
1582 441 1620 481 P.
1635 454 1719 482 erat

458 493 522 544 μή.
537 494 580 532 In
598 493 751 545 reliquis
765 493 866 532 nihil.
893 493 978 543 Ego
989 506 1039 541 με
1052 492 1221 544 reposui,
1238 494 1341 546 quod
1360 495 1493 546 procul
1509 495 1630 534 dubio
1642 508 1719 534 vo-

459 547 581 593 lebat,
595 547 660 599 qui
678 546 729 596 μὴ
748 544 899 598 scripsit.
919 545 1076 585 SOLAN.
1091 545 1167 584 Etsi
1179 559 1258 585 non
1272 547 1401 586 inveni
1415 548 1506 586 illud
1515 563 1576 594 με,
1592 560 1719 588 tamen

459 601 556 640 adeo
576 613 712 639 verum
744 612 787 638 ac
805 597 1051 638 neceffarium
1070 599 1182 646 duxi,
1210 611 1251 638 ut
1274 599 1513 648 inseruerim,
1536 613 1718 641 monente

459 654 572 693 etiam
588 652 732 692 Solano
746 651 889 690 nostro.
911 652 1059 691 RnTz.

513 709 586 745 ead.
598 707 620 746 l.
638 721 695 754 14.
710 704 974 757 Ἀνυπὸἓετος)
987 705 1135 745 Omnes
1149 705 1232 744 libri
1249 705 1309 745 hic
1323 705 1555 747 &vuorbsme
1567 707 1719 749 habent.

457 759 578 799 Iidem
594 773 624 799 c.
636 774 701 812 43,
714 757 1063 811 &maswanssgo
1077 772 1160 798 eam
1173 757 1356 798 scribendi
1370 761 1554 799 rationem
1571 760 1719 813 sequar,

457 825 576 866 quam
589 813 674 851 libri
689 812 852 860 dabunt,
879 823 922 851 ut
934 811 995 852 hic
1007 811 1255 859 ἁνυπὸἓετος,
1276 813 1316 852 &
1341 814 1475 852 iterum
1492 827 1523 853 c.
1540 826 1603 866 29,
1620 819 1716 866 Κρον.

458 863 614 906 Ἔστω-τ.
634 878 668 905 c.
686 879 748 917 19,
761 866 800 905 δι
812 871 953 904 spiam.
970 878 1003 905 c.
1021 879 1083 904 21.
1097 865 1257 905 SOLAN.
1282 866 1374 905 Non
1389 865 1461 905 effe
1478 867 1564 906 talia
1584 868 1720 907 intelli-

459 921 582 973 genda
597 920 642 959 de
657 919 916 966 ferramentis,
939 918 1065 971 qualia
1083 919 1196 958 hodie
1222 918 1499 971 suppinguntur
1524 921 1720 961 iumento-

458 987 548 1014 rum
565 973 741 1025 pedibus‚
760 971 820 1012 sed
835 972 880 1012 de
896 972 1050 1020 calceis,
1076 973 1142 1024 qui
1161 973 1263 1011 indui
1286 975 1453 1025 exuique
1471 986 1542 1025 pro
1564 974 1649 1013 viae
1663 974 1719 1013 di-

459 1027 571 1067 versa
587 1027 736 1066 ratione
751 1024 918 1077 possunt,
932 1025 1074 1066 ostendi
1089 1027 1127 1064 in
1143 1025 1218 1064 lnd.
1232 1025 1457 1079 scriptorum
1469 1027 1542 1065 Rei
1554 1027 1660 1066 Rust.
1677 1042 1716 1067 v.

455 1081 572 1133 solea,
597 1080 664 1120 ubi
683 1080 804 1120 dedita
826 1091 946 1132 opera
960 1080 1004 1119 de
1026 1080 1100 1118 hoc
1119 1091 1346 1131 argumento
1369 1079 1566 1133 disputavi.
1592 1080 1718 1121 Gesn.

460 1133 709 1174 Ἀνυπόἒετος
723 1134 836 1173 etiam
850 1144 998 1186 praeter
1012 1132 1098 1172 loca
1108 1133 1156 1171 ab
1166 1132 1308 1172 Solano
1322 1134 1483 1172 indicata
1496 1133 1665 1174 scribitur
1678 1136 1719 1173 in

460 1187 623 1228 lcarom.
637 1200 670 1227 c.
691 1201 752 1241 31,
767 1197 926 1238 excepta
947 1189 986 1226 S.
1002 1186 1042 1225 δι
1057 1189 1280 1239 Λημςυειε
1293 1201 1312 1226 n
1333 1187 1370 1225 in
1384 1187 1591 1239 penultima
1607 1187 1720 1227 dede·

460 1254 503 1282 re
511 1256 523 1290 ;
546 1241 606 1280 hic
622 1253 719 1281 vero
738 1255 755 1279 ε
770 1239 982 1280 servarunt.
1008 1239 1080 1279 Sed
1095 1239 1299 1291 Phrynich.
1323 1254 1358 1292 p.
1380 1241 1451 1292 196
1465 1241 1523 1280 ed.
1539 1241 1585 1280 de
1599 1240 1718 1281 Pauw

460 1306 663 1349 peccatum
678 1295 717 1333 in
731 1294 945 1346 analogiam
958 1294 1022 1340 ait,
1040 1292 1066 1332 fi
1081 1305 1147 1345 per
1160 1307 1177 1332 ε
1191 1292 1342 1340 scribas,
1361 1294 1548 1347 dicitque:
1570 1293 1721 1334 Ἀνυπό-

461 1349 573 1388 sm:
593 1347 681 1402 ἐρεῖς
703 1348 739 1388 ἐν
750 1347 811 1398 τῷ
824 1361 843 1387 n
854 1377 867 1395 ‚
882 1351 925 1386 'rb
941 1349 1020 1401 γὰρ
1033 1346 1069 1386 ἑν
1081 1346 1134 1396 τῷ
1146 1360 1182 1395 ε,
1197 1345 1428 1399 ·ἑιμοίρτημα..
1455 1349 1517 1387 καὶ
1530 1349 1610 1401 ‘7323'
1629 1343 1721 1388 ὕετο-

461 1400 659 1443 saonam
673 1402 853 1455 λέγεται,
864 1400 927 1439 καὶ
941 1399 1005 1440 οὐκ
1017 1398 1296 1440 ύποέέσασῧσιι.
1312 1402 1366 1439 At
1381 1400 1420 1439 P.
1432 1400 1658 1453 Wess'eling.
1673 1402 1720 1441 ad

463 1455 582 1495 Diod.
594 1455 665 1494 Sic.
680 1455 712 1501 Ι,
724 1467 758 1494 c.
770 1454 835 1502 80,
850 1467 888 1493 ν.
903 1467 968 1506 75,
981 1464 1117 1494 contra
1127 1454 1412 1505 Phrynichum,
1429 1454 1595 1502 Moerin,
1613 1455 1719 1495 Suid.

459 1509 503 1548 δι
515 1509 591 1548 Th.
604 1507 773 1560 Magistr.
783 1507 922 1561 pariter
933 1511 977 1547 τὸ
991 1522 1009 1548 ε
1021 1507 1253 1555 damnantes,
1267 1520 1314 1547 ex
1325 1507 1440 1547 Diod.
1455 1508 1584 1560 Lyfia,
1593 1508 1721 1549 Aelia-

462 1575 539 1612 no,
554 1562 692 1615 Longo
705 1563 782 1602 &c.
796 1560 965 1600 nostram
981 1561 1202 1614 scripturam
1215 1560 1352 1601 firmat.
1378 1561 1449 1601 Sed
1469 1561 1604 1603 confer
1626 1573 1720 1602 mox

461 1627 499 1657 c.
512 1630 578 1668 43,
590 1616 655 1655 ubi
668 1630 687 1657 n
703 1614 954 1655 servavimus.
981 1615 1129 1654 Rmz.

516 1672 588 1709 ead.
597 1670 621 1709 l.
636 1682 694 1722 15.
705 1668 1197 1722 Ἀπωλλύμην)Ἀπωλόμην
1209 1666 1434 1721 adscriptum
1448 1668 1486 1708 in
1499 1681 1617 1722 marg.
1629 1669 1718 1721 Bas:

465 1737 500 1763 1.
515 1723 640 1763 deleto
654 1722 898 1774 ἀπωλλύμην.
914 1721 1053 1762 Nescio
1066 1735 1208 1775 quare3
1231 1735 1317 1762 cum
1334 1723 1469 1762 eodem
1481 1724 1607 1763 redeat
1619 1752 1632 1768 ,
1647 1736 1719 1763 nec

461 1777 689 1817 varietatem
705 1777 742 1816 in
761 1777 842 1816 edd.
863 1787 906 1816 ut
920 1776 960 1816 δι
972 1775 1097 1816 Codd.
1122 1776 1328 1816 inveniam.
1345 1776 1537 1816 Ἀπώλετο
1557 1774 1629 1816 berb
1651 1775 1721 1816 τῆς

461 1828 589 1884 ἄγρας
611 1830 662 1870 ait
683 1831 837 1883 quidem
852 1828 963 1882 supra
980 1830 1083 1870 Tox.
1098 1843 1131 1870 c.
1152 1843 1219 1878 14,
1241 1830 1282 1869 δι
1298 1829 1384 1868 alibi
1404 1830 1516 1870 etiam
1531 1830 1628 1870 hanc
1643 1828 1723 1870 for-

463 1885 673 1925 mationem
692 1895 815 1932 amat3
838 1882 898 1923 sed
911 1897 997 1924 cum
1012 1896 1089 1923 non
1103 1883 1271 1931 videam,
1285 1883 1376 1935 quid
1391 1883 1427 1922 in
1443 1883 1563 1924 altero
1576 1884 1724 1936 impro-

462 1937 657 1987 bandum,
680 1951 750 1978 nec
764 1936 908 1990 semper
921 1938 1051 1977 eadem
1074 1937 1198 1976 forma
1211 1936 1318 1989 loqui
1338 1936 1520 1977 Nostrum
1539 1949 1721 1991 oportere

461 1991 609 2032 necesse
623 1991 689 2038 fit,
703 2004 782 2031 non
795 1992 931 2031 curavi
946 1991 1043 2030 illam
1061 1991 1323 2030 mutationem.
1347 1990 1494 2030 Rmz.

460 2081 462 2083 ,
521 2046 610 2097 Pag.
630 2059 715 2098 149.
733 2046 758 2085 Ι.
778 2057 808 2083 ι.
830 2045 899 2084 Καὶ
921 2041 1023 2084 εὐθὺς
1043 2043 1186 2097 ἄλλος)
1209 2043 1343 2096 Inepta
1360 2044 1476 2092 haec3
1499 2043 1560 2084 sed
1576 2043 1721 2098 absque
1763 2076 1764 2080 ,

461 2097 658 2139 Codicum
673 2111 747 2151 ope
761 2098 899 2138 mederi
911 2110 989 2144 non
1002 2097 1162 2150 possum.
1180 2097 1337 2137 SOLAN.
1761 2127 1764 2138 Α

461 2198 464 2199 ⁷
519 2154 592 2191 ead.
607 2153 631 2191 l.
650 2167 682 2204 5.
706 2149 783 2190 Οὐκ
800 2151 1049 2204 {mmmmm
1069 2152 1116 2191 Et
1137 2153 1175 2190 in
1186 2151 1263 2201 >hoc
1275 2151 1498 2192 sinceriores
1516 2150 1596 2191 edd.
1611 2151 1720 2204 pri'o-
1760 2168 1764 2199 j

465 2217 549 2254 res,
567 2205 748 2245 habentes
759 2205 1009 2245 ἐπηκολούθει.
1035 2206 1135 2245 Mox
1149 2205 1279 2244 eadem
1302 2205 1373 2244 hac
1397 2217 1481 2258 pag.
1495 2205 1720 2258 integriores
1762 2226 1764 2240 ⁴

464 2259 605 2298 iterum
618 2259 771 2299 eaedem
782 2290 794 2308 ,
807 2257 871 2296 noe}
883 2260 961 2313 γὰρ
972 2256 1180 2310 φιλήμασιν
1195 2256 1409 2309 ἠσπάζοντο
1423 2257 1488 2298 καὶ
1510 2257 1718 2299 καταλύειν
1760 2252 1764 2299 i

464 2312 638 2352 ἐκέλευον
652 2312 726 2352 &c.
742 2313 790 2351 ab
805 2311 1040 2362 sequioribus
1055 2313 1233 2353 ultimum
1250 2312 1340 2351 illud
1352 2311 1416 2351 mi
1429 2311 1542 2351 abest.
1561 2311 1666 2351 IENs.

520 2369 593 2406 ead.
607 2368 630 2405 l.
642 2367 678 2406 6.
692 2365 818 2405 Μαθὼν
831 2363 888 2406 οὖν
908 2366 966 2406 ὅτι
983 2365 1079 2405 ἄλλο
1092 2365 1582 2418 ὲβὸων)”Αλλως,μοιτοιίως.
1597 2365 1721 2406 MAR-
1757 2411 1759 2414 ,

465 2430 546 2460 cn..
558 2415 705 2459 ’Ἄλλως
722 2420 762 2459 &
774 2430 848 2472 ego
864 2419 1129 2474 praetulissem,
1149 2419 1176 2459 st
1188 2418 1392 2466 constaret,
1413 2418 1543 2459 Pelleti
1561 2417 1721 2472 scriptu-

463 2487 546 2514 ram
559 2486 605 2514 ex
615 2472 773 2521 Codice,
787 2486 866 2514 non
877 2487 926 2515 ex
938 2474 1172 2524 coniefimra,
1188 2471 1273 2514 effe.
1286 2473 1333 2513 Et
1347 2485 1579 2527 quamquam
1590 2473 1626 2512 id
1639 2484 1722 2513 non
