1764 3419
460 237 548 286 552
668 219 1530 267 ANNOTATIONES

509 313 582 350 cad.
595 311 618 349 l.
635 325 667 363 3.
683 310 802 375 Μηνὶ)
818 310 916 350 Vide
930 308 1039 362 supra
1063 321 1097 348 c.
1116 308 1174 348 18.
1192 308 1313 349 Clem.
1331 309 1442 349 Alex.
1461 323 1506 348 12
1520 341 1531 358 ‚
1547 324 1590 357 2,
1604 326 1716 363 προσ·-

455 363 632 404 εκύνκσειν
646 362 756 411 ἠ’λιον,
768 379 816 404 ως
832 364 934 403 'lvs'oi
947 394 957 411 ,
977 364 1040 402 και)
1057 361 1220 408 σελήνην,
1243 361 1291 402 ὧς
1306 362 1459 418 Φρύγες.
1477 363 1516 402 ln
1536 363 1613 403 Ox.
1633 365 1716 406 scri-

456 417 558 457 bitur
578 419 667 458 an}
680 448 692 465 ,
714 418 819 470 quod
840 417 977 458 refiius
991 447 1000 464 ‚
1020 428 1134 468 quam
1154 417 1261 468 quod
1281 417 1318 454 in
1338 417 1516 456 omnibus
1537 418 1718 470 impreffis

455 470 509 509 est
529 469 636 519 Μήνῃ·
655 472 817 522 ideoque
836 471 872 508 in
893 481 1040 509 textum
1057 471 1192 522 recepi.
1207 469 1365 509 SOLAN.
1379 469 1463 523 Ego
1485 470 1576 511 nihil
1590 484 1714 514 muto.

455 525 545 563 vid.
566 523 735 575 Hesych.
753 524 791 563 ἀ
811 524 928 562 Hom.
951 523 992 562 ll.
1005 527 1063 568 Ψ,
1076 537 1166 576 455.
1184 523 1329 562 Rtl‘rz.

509 579 587 616 ibid.
602 575 797 616 Κυλλήνιοι
818 576 997 629 Φάλητι)
1015 576 1118 629 Quis
1142 575 1186 615 s1t
1203 576 1351 624 phales,
1370 577 1432 617 cui
1451 576 1554 617 sacra
1573 576 1714 618 faciant

455 630 647 681 Cyllenii,
660 631 836 682 equidem
854 642 933 669 non
949 631 1106 669 dixerim
1117 659 1126 673 .
1146 629 1187 670 δι
1201 631 1361 683 gratiam
1379 631 1550 679 habebo,
1566 632 1632 683 qui
1647 632 1717 671 do-

456 685 587 723 cuerit.
606 683 756 724 lnterim
774 684 854 723 dedi
878 684 915 722 in
930 683 1105 723 verstone
1120 683 1317 723 Phanetem
1330 715 1340 730 ,
1359 695 1492 724 notum
1510 697 1557 724 ex
1575 683 1716 738 Orphi-

457 736 509 775 cis
529 736 718 784 verfibus,
739 738 786 776 ab
809 738 1057 789 Athenagora
1082 737 1208 789 Legat.
1230 751 1261 777 c.
1288 739 1329 775 16
1344 771 1354 786 ,
1406 767 1413 776 .
1436 752 1508 788 72,
1534 738 1713 786 servatis,

458 789 628 843 itemque
641 790 734 833 aliis,
750 803 850 844 quos
865 791 1046 830 debemus
1065 791 1265 830 Macrobio
1281 790 1356 831 Sat.
1373 752 1402 841 l:
1421 792 1479 830 18.
1495 791 1580 844 Qui
1597 794 1712 834 etiarn

455 843 567 884 docet
582 855 664 884 tum
679 844 703 882 l.
721 856 753 885 c.
774 855 853 899 tum
876 857 907 883 c.
929 857 990 890 νν,
1005 844 1130 884 Solem
1147 843 1218 884 effe
1236 844 1412 884 Phaneta.
1428 845 1467 884 Si
1488 847 1571 898 quis
1591 846 1706 896 dicat,

455 907 536 936 tum
560 897 711 936 demum
732 898 870 950 aliquid
888 897 1104 938 verosimile
1126 898 1336 937 habituram
1359 898 1618 940 coniecturam
1644 913 1714 940 no-

456 949 566 990 stram
578 981 589 998 ‚
608 950 636 989 fi
649 964 670 989 a
682 950 866 1002 Cylleniis
882 951 929 991 [ιε
943 953 1087 990 cultum
1103 951 1248 992 constet
1262 952 1476 1004 Apollinem
1490 982 1501 998 ,
1517 965 1561 992 ut
1575 965 1710 994 notum

455 1004 509 1042 est
529 1005 574 1043 de
600 1005 818 1049 Mercurio,
840 1007 902 1045 cui
916 1004 1091 1057 'Cyllenii
1113 1018 1253 1045 nomen
1269 1007 1355 1046 inde
1370 1005 1506 1045 haefit:
1530 1007 1617 1046 huic
1636 1019 1713 1061 ego

454 1057 714 1108 respondeam,
737 1059 870 1098 eodem
886 1060 1092 1098 Macrobio
1105 1058 1261 1098 auciore
1275 1073 1306 1099 c.
1321 1073 1380 1110 19,
1393 1060 1571 1100 Mercurii
1585 1060 1709 1114 ipsum

455 1124 597 1150 numen
611 1114 656 1150 ad
668 1112 796 1152 Solem
811 1114 1008 1164 pertinere.
1022 1112 1082 1152 De
1094 1113 1257 1152 Plianete
1269 1114 1396 1152 omnia
1411 1113 1711 1155 Eschenbachius

456 1165 496 1204 in
511 1165 689 1217 Epigene.
702 1165 831 1206 Grsu.
846 1165 1036 1216 Principio
1051 1179 1164 1205 notae
1178 1165 1335 1206 Gesneri
1349 1166 1537 1219 adscripfit
1549 1167 1706 1210 Weffel.
1763 1177 1764 1183 ¹

457 1219 507 1258 V.
525 1218 683 1270 Hesych
716 1220 892 1273 φοιληρὶς,
909 1221 944 1258 δι
965 1219 1084 1259 Dion.
1097 1219 1292 1266 Chrysost.
1305 1234 1341 1272 p.
1354 1235 1399 1269 4¹
1411 1234 1429 1259 2
1445 1220 1497 1260 D.
1516 1221 1658 1263 ΚΕΗ-ι.

509 1275 583 1313 ead.
599 1274 620 1310 l.
633 1289 669 1322 4.
683 1273 854 1326 Φάλητι)
869 1273 971 1326 Quis
984 1275 1043 1314 hic
1057 1273 1099 1312 sit
1113 1272 1248 1313 nescio.
1264 1273 1422 1313 SOLAN.
1596 1284 1598 1287 '

508 1326 586 1364 ibid.
600 1326 833 1380 Περιστερᾷ)
858 1328 888 1365 V
898 1328 953 1366 ide
969 1327 1076 1366 infra.
1089 1327 1246 1366 SOLAN.

506 1383 582 1419 ead.
600 1381 622 1417 l.
643 1375 855 1432 ς.”Ὑὸοιτι)
879 1381 942 1419 Αη
963 1380 1080 1419 Nilo?
1106 1381 1272 1421 GUYET.
1298 1380 1445 1433 Quidni
1467 1381 1639 1421 animalia
1667 1382 1706 1422 in

454 1433 566 1485 aquis
590 1434 814 1477 habitantia,
834 1434 1071 1479 crocodilos,
1092 1434 1389 1486 hippopotamos
1409 1435 1484 1475 ὅτε.
1501 1447 1568 1488 per
1586 1448 1709 1476 meto·

454 1486 651 1537 nymiam?
667 1488 752 1525 Vid.
772 1485 903 1526 Davis.
918 1487 1049 1540 (cuius
1063 1488 1276 1528 Hemsterh.
1292 1489 1327 1527 in
1345 1501 1428 1528 mar
1457 1489 1709 1541 ,admonuit)

453 1541 501 1578 ad
515 1539 595 1580 Cic.
608 1540 625 1579 Ι
640 1540 702 1584 De
715 1552 789 1579 nat.
805 1540 924 1580 Deor.
940 1554 971 1580 c.
990 1555 1038 1591 29
1049 1571 1058 1585 ,
1075 1555 1112 1593 p.
1136 1555 1183 1580 m.
1200 1555 1262 1591 72.
1287 1501 1599 1595 (Hemsferhufio
1612 1543 1672 1582 68.
1687 1543 1717 1596 )

453 1593 531 1633 Ubi
553 1595 651 1633 inter
669 1594 743 1633 alia
768 1595 841 1634 huc
866 1594 1043 1634 facientia
1065 1596 1178 1635 etiam
1207 1596 1297 1636 haec
1315 1595 1424 1636 affert
1437 1609 1487 1635 ex
1500 1595 1645 1648 loseph.
1666 1598 1707 1636 in

454 1648 595 1699 Apion.
608 1647 623 1686 Ι
636 1678 646 1695 ,
661 1661 694 1687 c.
709 1662 754 1697 71
773 1661 782 1688 :
800 1653 843 1687 Οι
867 1648 911 1688 δὲ
924 1646 1038 1687 'hm-oe
1055 1649 1084 1687 οἱ
1100 1651 1283 1700 ποτάμιοι
1297 1651 1392 1701 νόμῳ
1403 1650 1470 1700 μὲν
1481 1649 1706 1703 τῷΠιιπρη·

449 1702 542 1750 fai-rii
559 1701 622 1754 ι’ροί
638 1702 727 1748 εἱσι,
746 1702 844 1741 τοῖσι
857 1701 901 1741 Σὲ
917 1699 1069 1745 ἄλλοισι
1083 1702 1154 1754 Ai‘y
1163 1702 1330 1742 υπτίοισι
1343 1700 1504 1758 οὖχὶροί.
1520 1703 1662 1743 Rmrz.

506 1759 578 1795 ead.
602 1759 626 1795 l.
643 1754 677 1794 8.
701 1756 961 1810 Κροκέὸειλος)
980 1756 1180 1808 Spanhem.
1204 1756 1301 1805 1783
1322 1758 1363 1797 δι
1381 1756 1516 1797 confer
1538 1770 1625 1799 cum
1648 1757 1703 1799 his

451 1810 632 1849 omnibus
646 1822 711 1855 ea,
723 1823 823 1862 quae
839 1810 1026 1849 habentur
1037 1810 1156 1849 Ἐκκλ.
1172 1824 1203 1850 c.
1222 1823 1280 1849 ιο.
1295 1810 1453 1851 somn.
1477 1823 1479 1826 ⁴
1548 1835 1550 1837 -

503 1863 582 1903 ibid.
596 1865 881 1918 Κυνοκέφοιλος)
894 1865 1037 1903 Anubis.
1051 1863 1216 1904 GUYET.

504 1921 575 1957 ead.
592 1918 615 1956 l.
630 1932 644 1956 1
657 1930 689 1956 1.
704 1917 901 1972 Ποτίιριον)
930 1919 1027 1957 Vide
1042 1918 1208 1970 Pignorii
1232 1918 1395 1957 mensam
1416 1917 1570 1958 Ifiacam
1585 1933 1621 1972 p.
1640 1932 1700 1973 3¹·

451 1970 522 2011 Sed
537 1973 668 2012 modius
677 1971 730 2011 est
742 1971 875 2011 nostris
885 2003 897 2020 ‚
915 1973 1019 2023 quod
1028 1973 1188 2024 poculum
1207 1983 1332 2011 vocat.
1347 1971 1503 2012 ὅθι-ΑΝ.

506 2025 595 2077 Pag.
610 2026 696 2075 276.
709 2027 732 2064 l.
748 2025 855 2077 9.Τῷ
868 2026 977 2074 Ausa]
989 2026 1006 2079 )
1020 2024 1166 2073 Confer
1179 2026 1324 2065 Ἐπιο-κ.
1341 2039 1373 2066 c.
1392 2039 1405 2064 1
1419 2039 1450 2075 1,
1465 2029 1502 2066 Ζ.
1519 2026 1574 2067 ἐλ.
1585 2039 1617 2067 c.
1639 2037 1699 2078 14,

450 2077 491 2116 δι
507 2079 582 2119 hoc
594 2078 676 2132 ipso
689 2078 874 2129 opusculo
889 2093 921 2119 c.
939 2093 999 2119 20.
1021 2078 1177 2118 SOLAN.
1358 2115 1359 2118 ,

503 2136 576 2171 ead.
591 2135 612 2171 l.
631 2146 645 2171 1
659 2132 840 2182 ι.”ομοιοι
855 2164 865 2178 ,
880 2133 999 2185 πρὸς)
1017 2133 1076 2172 Sic
1099 2134 1149 2173 Fl.
1164 2133 1206 2172 ln
1221 2133 1285 2172 rel.
1303 2134 1400 2173 inter
1411 2132 1478 2173 has
1492 2145 1609 2172 voces
1622 2146 1700 2174 erat

448 2187 514 2225 καὶ
527 2199 655 2236 prave.
670 2187 807 2227 Eadem
824 2186 1133 2239 Γ1.ἐπιο“τροιφῆς·
1151 2186 1210 2226 sed
1232 2187 1387 2239 vulgata
1400 2188 1530 2240 proba.
1543 2188 1699 2229 SOLAN.

505 2242 593 2295 Pag.
610 2255 696 2288 277.
713 2240 786 2289 l.,2.
802 2241 1008 2292 Σαρὲιοινος
1027 2241 1160 2280 ἐκεῖνος
1178 2240 1342 2292 ὄλεθρος)
1363 2240 1547 2280 Croesum
1574 2243 1699 2290 perni-

447 2294 543 2336 ciem
570 2294 784 2335 Sardianam
811 2306 949 2336 vocat.
965 2308 985 2334 a
999 2292 1178 2335 Sardibus
1197 2296 1278 2334 eius
1304 2294 1422 2346 regia.
1446 2294 1546 2334 unde
1559 2295 1600 2334 δι
1619 2295 1701 2334 Ho-

447 2359 517 2388 rat.
532 2349 548 2388 Ι
566 2349 636 2402 Ep.
658 2349 756 2400 Quid
769 2350 879 2400 Croefi
885 2350 975 2402 regia
989 2349 1109 2388 Sardis
1121 2351 1138 2374 ⁹
1154 2349 1199 2388 Et
1213 2359 1313 2400 patet
1332 2361 1380 2387 ex
1394 2348 1462 2387 hac
1475 2348 1673 2388 locutione
1687 2379 1699 2397 ,

446 2415 529 2442 non
550 2413 691 2442 temere
701 2402 837 2454 ’όλεθροι
852 2403 926 2442 sme
941 2401 1170 2442 aticioritate
1184 2402 1406 2441 mutandum
1422 2402 1457 2439 in
1475 2401 1620 2454 ὀλέθριοι
1638 2401 1699 2442 su·

450 2466 518 2509 pra
529 2485 540 2503 ‚
555 2455 751 2496 Pseudom.
764 2469 798 2496 c.
815 2469 874 2497 τι.
888 2457 954 2496 ubi
967 2456 1168 2495 habuimus
1182 2456 1310 2507 ’ὄλεθροι
1326 2455 1455 2495 ἐκεῖνοι
1476 2456 1697 2509 Παφλαγᾶ-

449 2524 519 2554 ver·
535 2523 623 2552 nam
638 2510 704 2555 etsi
723 2510 878 2567 pluralis
897 2511 951 2552 ibi
970 2510 1016 2551 fit
1028 2541 1041 2557 ‚
1058 2509 1098 2551 δι
1121 2509 1265 2564 ὀλέθριοι
1283 2509 1532 2552 deindedicat
1550 2508 1711 2551 adiecti--
