1764 3419
291 253 355 299 ΙΝ
390 241 609 299 ῙΟνΕΜ
646 252 1072 298 TRAGOEDUM.
1124 271 1128 275 ·
1217 270 1303 317 -541

0 361 3 364 >
46 339 150 391 fimet
173 338 360 389 erigentium
382 339 507 378 horror.
527 339 738 379 Horrentes
764 338 863 378 enim
888 337 927 378 δι
949 338 1101 377 iactatas
1120 350 1249 378 comas
1274 341 1311 378 in

52 392 207 431 vatibus
220 391 433 443 agnoscunt=
442 392 578 431 Latini.
599 394 834 432 Heliodorus
845 392 945 430 libro
959 392 1011 431 511
1025 392 1111 430 dicit
1126 389 1236 431 τιῗνντε
1253 394 1314 430 κό-

50 459 123 496 μην
137 445 339 485 διασείσας
354 446 417 485 καὶ
429 445 516 484 τοὺς
529 446 720 498 κατόχους
733 443 970 495 μιμούμενος.
984 444 1127 484 GRON.

0 500 4 505 “
56 522 59 525 ⁴
106 499 142 537 in
158 498 272 537 Schol.
286 499 347 537 col.
364 513 398 537 2.
414 499 483 549 l.9.
500 498 741 549 Κορύβαντες)
756 498 819 537 De
833 498 931 537 hisce
943 498 1019 537 vid.
1029 497 1167 537 Strabo
1182 497 1309 537 lib.X.

51 550 110 590 Ex
123 564 218 603 quo,
235 551 419 591 advocata
433 551 710 591 &phoeniciae
722 553 872 602 linguae
888 563 979 603 ope,
997 552 1126 602 paucis
1141 551 1314 590 indicabi-

55 617 142 643 mus
154 634 164 651 ‚
177 604 245 655 qui
257 604 503 654 Corybantes
514 604 552 642 hi
564 603 713 643 fuerint.
728 604 766 657 1)
780 605 865 643 Viri
882 604 998 643 fortes
1013 603 1167 643 fuerunt
1181 603 1315 643 satelli-

52 668 110 696 tes
127 657 334 708 primorum
357 657 543 710 Phrygiae
562 670 695 709 regum
710 686 721 704 ‚
735 659 800 710 qui
815 657 1055 709 postmodum
1077 659 1113 696 in
1137 656 1314 696 Deorum

53 722 252 749 numerum
271 710 377 750 relati
396 709 492 750 sunt.
508 711 596 750 Hoc
614 709 754 757 fabula,
769 711 790 749 i.
813 723 846 750 e.
859 712 1036 763 antiquae
1053 711 1240 751 Graeciae
1261 710 1316 749 fa·

54 776 118 802 ma
136 763 270 811 docet,
297 765 473 814 idemque
493 774 648 815 apparet
670 776 716 803 ex
744 764 897 811 {vovm'rp
922 768 1057 804 nimiost
1071 794 1082 810 ,
1103 778 1217 816 quam
1236 777 1318 803 me-

55 827 180 855 morat
195 817 347 855 Strabo.
370 817 559 856 Hebraice
583 817 730 856 Cheroub
743 818 878 856 dicitur
893 818 952 856 vir
974 817 1106 863 fortis,
1123 829 1164 857 ut
1187 818 1317 856 multis

55 870 192 922 probat
208 870 236 908 1.
253 869 464 922 Spencerus
479 870 525 909 de
540 870 737 909 ritualibus
758 869 875 909 Mosis
891 871 1035 922 legibus
1053 885 1086 920 p.
1098 873 1176 919 764
1190 885 1202 918 3
1217 873 1317 909 unde

56 923 177 974 angeli
205 923 384 962 dicuntur
407 923 609 968 cherubini,
631 923 706 962 hoc
721 922 772 962 est
786 954 796 970 ,
812 922 930 962 fortes
943 953 956 969 ‚
974 935 1018 962 ut
1036 924 1122 962 alibi
1136 925 1316 963 dicuntur

55 976 232 1022 Abbir-im,
249 977 353 1028 quod
372 976 467 1016 idem
484 975 676 1028 significat.
690 976 854 1016 Indidem
870 976 1117 1028 Corybantes
1134 976 1316 1027 ἓοιίμονες

0 1030 5 1033 ’
55 1029 141 1069 dieti
165 1028 262 1068 sunt.
290 1029 332 1082 2)
347 1029 650 1069 Confunduntur
671 1043 758 1069 cum
774 1030 973 1082 Καβείροις,
985 1041 1027 1068 ut
1048 1030 1183 1069 ibidem
1207 1030 1317 1069 testa-

56 1093 119 1121 tur
145 1082 303 1122 Strabo:
328 1083 379 1122 ita
399 1082 442 1122 &
471 1083 663 1122 Hebraice
690 1084 837 1122 Cheroub
856 1083 894 1122 δι
920 1084 1050 1130 Clzeln'r,
1076 1084 1174 1122 unde
1202 1084 1317 1122 Cabiri

56 1136 148 1181 Dii,
168 1148 286 1175 unum
305 1137 479 1186 idemque
491 1135 720 1188 significant,
738 1147 781 1176 ut
797 1137 895 1175 idem
917 1135 1075 1176 ostendit
1089 1136 1313 1188 spencerus.

4 1215 8 1218 -
60 1188 102 1241 3)
116 1188 385 1240 Corybantes,
404 1189 445 1228 &
460 1189 606 1236 Cabiri‚
629 1202 672 1229 ut
691 1190 730 1229 δι
747 1189 959 1229 Cherubini
972 1202 1020 1228 ex
1033 1190 1221 1241 Aegypto
1247 1203 1315 1229 or-

57 1242 111 1290 ti,
135 1242 352 1282 auetoribus
367 1243 572 1282 Herodoto
594 1243 634 1281 δε
649 1243 856 1287 Strabone,
880 1244 1017 1292 quibus
1033 1244 1212 1295 adiungas
1225 1244 1316 1283 licet

56 1293 288 1347 Spencerum
304 1296 343 1335 &
354 1295 601 1335 Bochartum.
619 1296 662 1348 4)
676 1296 792 1335 Iidem
809 1296 1029 1335 dicebantur
1044 1295 1117 1335 effe
1127 1308 1217 1335 cum
1231 1297 1317 1336 Cu-

58 1349 223 1396 retibus,
247 1352 316 1402 qui
345 1348 501 1388 fuerunt
530 1350 642 1389 etiam
666 1349 740 1388 viri
763 1347 903 1396 fortes,
929 1349 1117 1389 Hebraeis
1138 1350 1312 1397 Briclu'm‚

58 1412 105 1440 ut
131 1401 292 1441 ostendit
318 1403 542 1442 Bochartus.
570 1404 717 1442 Verum
743 1402 808 1442 ista
825 1404 1022 1456 ’γεύματος
1043 1404 1172 1456 χάριν,
1193 1404 1317 1443 donec

56 1454 329 1506 Mythicorum
353 1466 570 1508 temporum
592 1455 796 1495 Historiam
821 1457 1002 1502 edamus,
1026 1457 1090 1495 ubi
1107 1469 1155 1496 ex
1179 1455 1315 1496 fabulis

59 1508 331 1561 antiquiffimas
357 1522 535 1549 eruemus
559 1508 743 1549 historias.
765 1508 890 1549 CLER.
917 1508 981 1548 De
1006 1510 1114 1548 varia
1133 1509 1318 1560 :imfimo-,e

8 1580 10 1582 ’
60 1562 547 1615 opinione,s1gnificatione
561 1576 604 1603 ac
618 1563 926 1602 denominatione
941 1563 1059 1602 multa
1070 1562 1318 1610 Iacobode,

58 1613 98 1654 in
112 1615 357 1656 eruditiffimo
372 1629 490 1668 opere
501 1617 546 1656 de
561 1617 717 1668 Angelis
728 1646 741 1662 ,
754 1630 793 1668 p.
814 1629 883 1665 ¹72
898 1615 1035 1656 -188.
1048 1616 1122 1655 Etsi
1139 1619 1314 1668 Coryban-

58 1681 107 1707 tes
122 1669 178 1708 his
191 1682 270 1708 non
283 1681 505 1709 annumerat
516 1701 526 1717 ,
548 1671 637 1722 quia
652 1683 784 1709 revera
799 1681 907 1708 erant
920 1670 1102 1709 homines.
1119 1670 1264 1708 RErrZ.

115 1722 204 1775 Pag.
218 1723 305 1762 260.
323 1724 346 1761 l.
364 1737 396 1762 1.
417 1723 602 1776 Κέκλυτε)
619 1724 693 1762 Adi
704 1722 897 1774 Aristoph.
911 1722 1012 1763 Ἱππ.
1029 1722 1100 1776 298
1113 1723 1156 1763 B.
1169 1723 1208 1762 δι
1221 1722 1312 1776 348,

62 1775 163 1815 unde
183 1778 257 1818 hoc
271 1777 438 1816 imitatus
452 1776 505 1816 est
520 1777 722 1816 Lucianus.
741 1776 898 1816 SOLAn.

60 1863 67 1866 .
111 1832 185 1868 ead.
206 1830 230 1868 l.
242 1845 280 1878 4.
298 1830 450 1869 Μύθοισι
474 1830 728 1883 κορυσσόμενοι
751 1828 966 1883 πυκινοῖσι)
981 1830 1170 1868 Subtilibus
1189 1830 1315 1870 armati

21 1889 24 1892 ’
52 1881 274 1934 sennonibus.
301 1882 469 1923 GUYET.

113 1939 186 1977 ead.
203 1937 226 1974 l.
245 1950 278 1989 5.
293 1939 425 1975 Πολλὰ
438 1938 516 1990 γὰρ
529 1935 610 1975 ἔνθα
621 1935 760 1986 μόθου)
780 1936 914 1975 Πολλὰ
937 1937 1017 1990 γὰρ
1040 1935 1121 1976 ἔνθα
1142 1935 1205 1975 καὶ
1233 1935 1312 1976 ἔνθα,

55 1988 179 2040 μόθου.
196 1990 379 2029 MARCIL.
399 1989 522 2041 Quod
538 1990 685 2029 Marcil.
703 1990 936 2029 inserendum
954 2000 1085 2029 monet
1097 2020 1108 2038 ‚
1124 1991 1161 2028 id
1178 1991 1214 2028 in
1229 1992 1314 2029 edd.

0 2035 1 2080 ἶ
59 2042 132 2081 iam
149 2043 300 2091 inveni,
325 2044 367 2083 ὃ(
381 2044 556 2083 Homero
571 2042 891 2084 familiariffimum
906 2041 959 2083 est
974 2043 1055 2083 ἔνθα
1070 2043 1133 2082 καὶ
1153 2043 1232 2083 ἔνθα.
1244 2074 1255 2093 ,
1268 2054 1313 2083 ut

59 2095 104 2135 ll.
121 2100 166 2144 B,
179 2097 255 2145 462
269 2126 281 2145 ‚
300 2101 324 2135 E
338 2127 350 2144 ‚
375 2110 466 2149 223,
481 2101 531 2146 H,
551 2098 622 2148 156
637 2097 710 2136 &c.
725 2097 870 2136 RHTz.

115 2152 188 2188 ead.
204 2150 227 2187 l.
249 2150 285 2189 6.
297 2150 459 2202 Ταρφέος
483 2151 580 2201 ἄκροι
606 2150 796 2203 κορύμβοι)
815 2149 1014 2190 Ridiculus
1029 2148 1094 2198 fit,
1117 2148 1145 2188 sl
1165 2149 1251 2202 quis
1275 2148 1312 2190 se

11 2252 14 2254 -
62 2201 174 2254 plane
191 2203 426 2255 interpretari
449 2203 551 2255 poffe
571 2203 668 2243 dicat
681 2233 692 2250 ‚
711 2216 810 2256 quae
831 2204 989 2243 Momus
1006 2202 1081 2255 ipse
1100 2202 1310 2242 obscurita-

60 2255 111 2294 tis
125 2256 281 2296 nomine
296 2254 412 2296 effuse
432 2258 536 2296 ridet.
554 2257 625 2296 >Illa
641 2256 850 2297 obscuritas
872 2258 919 2297 ab
935 2257 1009 2296 hoc
1028 2256 1139 2296 versu
1164 2257 1309 2307 incipit.

62 2308 126 2355 Sin
154 2309 217 2348 ula
232 2310 351 2350 verba
366 2311 493 2349 verbis
506 2309 534 2350 fi
554 2311 707 2349 reddere
720 2310 900 2358 velimus,
915 2310 1061 2362 ταρφὺς
1079 2310 1132 2349 est
1152 2310 1284 2349 densus
1294 2339 1307 2357 ,

63 2373 106 2401 ut
134 2362 230 2410 ilva,
253 2374 297 2402 ut
315 2362 460 2415 fruges,
483 2364 648 2416 κόρυμβα
663 2364 731 2404 dici
748 2363 900 2417 poffunt
920 2363 1087 2410 summa,
1102 2377 1136 2416 q.
1154 2363 1187 2402 d.
1209 2377 1311 2414 κορυ-

64 2414 190 2464 φαῖοι,
210 2415 502 2468 uniuscuiusque
525 2417 600 2465 rei,
615 2428 657 2456 ut
681 2418 861 2468 corymbi
887 2417 1120 2469 plantarum,
1140 2417 1312 2468 ut‘apIu-

64 2468 150 2507 stria
164 2471 342 2517 navium3
362 2470 528 2522 ἐχέτλην
540 2469 675 2510 stivam
690 2471 763 2510 effe
777 2471 908 2517 aratri,
923 2471 1088 2517 constat3
1106 2470 1198 2522 poni
1214 2481 1311 2507 non-

29 2542 36 2553 :
61 2534 256 2576 nunquam
274 2523 386 2564 etiarn
399 2536 471 2577 pro
483 2523 610 2573 sulco,
629 2535 762 2565 monet
783 2523 1010 2576 Hesychius.
1032 2523 1152 2576 Igitur
1173 2522 1235 2566 vel
1250 2522 1308 2563 hic
