<?xml version="1.0" encoding="UTF-8"?>
<!DOCTYPE html PUBLIC "-//W3C//DTD XHTML 1.0 Transitional//EN"
    "http://www.w3.org/TR/xhtml1/DTD/xhtml1-transitional.dtd">
<html xmlns="http://www.w3.org/1999/xhtml" xml:lang="en" lang="en">
 <head>
  <title>
</title>
<meta http-equiv="Content-Type" content="text/html;charset=utf-8" />
  <meta name='ocr-system' content='tesseract 3.04.00' />
  <meta name='ocr-capabilities' content='ocr_page ocr_carea ocr_par ocr_line ocrx_word'/>
</head>
<body>
  <div class='ocr_page' id='page_1' title='image "./operagraeceetlat06luciuoft/operagraeceetlat06luciuoft_0575.png"; bbox 0 0 1764 3419; ppageno 0'>
   <div class='ocr_carea' id='block_1_1' title="bbox 278 245 1340 319">
    <p class='ocr_par' dir='ltr' id='par_1_1' title="bbox 278 245 1340 319">
     <span class='ocr_line' id='line_1_1' title="bbox 278 245 1340 319; baseline 0.008 -23"><span class='ocrx_word' id='word_1_1' title='bbox 278 245 349 296; x_wconf 74' lang='grc' dir='ltr'>ΙΝ</span> <span class='ocrx_word' id='word_1_2' title='bbox 381 248 686 296; x_wconf 66' lang='lat' dir='ltr'>soMNJUM</span> <span class='ocrx_word' id='word_1_3' title='bbox 719 247 838 296; x_wconf 87' lang='lat' dir='ltr'>SEU</span> <span class='ocrx_word' id='word_1_4' title='bbox 872 249 1153 299; x_wconf 73' lang='lat' dir='ltr'><strong>GALLUM</strong></span> <span class='ocrx_word' id='word_1_5' title='bbox 1255 261 1340 319; x_wconf 78' lang='lat'>553</span> 
     </span>
    </p>
   </div>
   <div class='ocr_carea' id='block_1_2' title="bbox 80 334 1346 656">
    <p class='ocr_par' dir='ltr' id='par_1_2' title="bbox 80 334 1346 602">
     <span class='ocr_line' id='line_1_2' title="bbox 82 334 1339 393; baseline 0.007 -19"><span class='ocrx_word' id='word_1_6' title='bbox 82 334 185 374; x_wconf 86' lang='lat' dir='ltr'>Nam</span> <span class='ocrx_word' id='word_1_7' title='bbox 200 346 286 375; x_wconf 88' lang='lat' dir='ltr'>cum</span> <span class='ocrx_word' id='word_1_8' title='bbox 302 336 347 376; x_wconf 80' lang='lat' dir='ltr'>sit</span> <span class='ocrx_word' id='word_1_9' title='bbox 364 336 674 383; x_wconf 84' lang='lat' dir='ltr'>construendum,</span> <span class='ocrx_word' id='word_1_10' title='bbox 695 336 758 386; x_wconf 66' lang='grc' dir='ltr'>ἔσῃ</span> <span class='ocrx_word' id='word_1_11' title='bbox 772 338 989 378; x_wconf 65' lang='grc' dir='ltr'>πεπονηκὼς</span> <span class='ocrx_word' id='word_1_12' title='bbox 1010 339 1122 378; x_wconf 62' lang='grc' dir='ltr'>τοῦτο</span> <span class='ocrx_word' id='word_1_13' title='bbox 1140 343 1339 393; x_wconf 59' lang='grc' dir='ltr'>πρασὸὃσυ,</span> 
     </span>
     <span class='ocr_line' id='line_1_3' title="bbox 83 389 1346 444; baseline 0.006 -16"><span class='ocrx_word' id='word_1_14' title='bbox 83 389 286 442; x_wconf 75' lang='lat' dir='ltr'>periphrasi</span> <span class='ocrx_word' id='word_1_15' title='bbox 303 391 489 442; x_wconf 83' lang='lat' dir='ltr'>participii</span> <span class='ocrx_word' id='word_1_16' title='bbox 510 389 594 429; x_wconf 85' lang='lat' dir='ltr'>satis</span> <span class='ocrx_word' id='word_1_17' title='bbox 610 390 765 438; x_wconf 78' lang='lat' dir='ltr'>usitata,</span> <span class='ocrx_word' id='word_1_18' title='bbox 785 392 830 429; x_wconf 90' lang='lat' dir='ltr'>de</span> <span class='ocrx_word' id='word_1_19' title='bbox 849 404 923 443; x_wconf 79' lang='lat' dir='ltr'>qua</span> <span class='ocrx_word' id='word_1_20' title='bbox 936 393 1083 443; x_wconf 70' lang='lat' dir='ltr'>egimus</span> <span class='ocrx_word' id='word_1_21' title='bbox 1098 393 1196 432; x_wconf 73' lang='lat' dir='ltr'>Dial.</span> <span class='ocrx_word' id='word_1_22' title='bbox 1216 399 1346 444; x_wconf 81' lang='lat' dir='ltr'>proxi·</span> 
     </span>
     <span class='ocr_line' id='line_1_4' title="bbox 81 443 1343 497; baseline 0.006 -16"><span class='ocrx_word' id='word_1_23' title='bbox 81 455 148 481; x_wconf 87' lang='lat' dir='ltr'>mo</span> <span class='ocrx_word' id='word_1_24' title='bbox 162 457 174 490; x_wconf 82' lang='lat'>3</span> <span class='ocrx_word' id='word_1_25' title='bbox 187 446 367 496; x_wconf 82' lang='lat' dir='ltr'>quaestum,</span> <span class='ocrx_word' id='word_1_26' title='bbox 381 445 521 490; x_wconf 67' lang='lat' dir='ltr'>lucrum,</span> <span class='ocrx_word' id='word_1_27' title='bbox 535 456 650 496; x_wconf 85' lang='lat' dir='ltr'>quem</span> <span class='ocrx_word' id='word_1_28' title='bbox 668 443 879 483; x_wconf 80' lang='lat' dir='ltr'>laborando</span> <span class='ocrx_word' id='word_1_29' title='bbox 899 448 1046 497; x_wconf 78' lang='lat' dir='ltr'>quaerit</span> <span class='ocrx_word' id='word_1_30' title='bbox 1061 447 1177 494; x_wconf 78' lang='lat' dir='ltr'>sutor,</span> <span class='ocrx_word' id='word_1_31' title='bbox 1197 449 1269 487; x_wconf 83' lang='lat' dir='ltr'>effe</span> <span class='ocrx_word' id='word_1_32' title='bbox 1285 451 1343 488; x_wconf 88' lang='lat' dir='ltr'>in-</span> 
     </span>
     <span class='ocr_line' id='line_1_5' title="bbox 80 495 1344 554; baseline 0.006 -20"><span class='ocrx_word' id='word_1_33' title='bbox 80 495 323 548; x_wconf 83' lang='lat' dir='ltr'>telligendum</span> <span class='ocrx_word' id='word_1_34' title='bbox 337 527 348 542; x_wconf 77' lang='lat'>‚</span> <span class='ocrx_word' id='word_1_35' title='bbox 369 498 453 535; x_wconf 83' lang='lat' dir='ltr'>satis</span> <span class='ocrx_word' id='word_1_36' title='bbox 470 508 590 549; x_wconf 82' lang='lat' dir='ltr'>patet,</span> <span class='ocrx_word' id='word_1_37' title='bbox 607 497 644 535; x_wconf 77' lang='grc' dir='ltr'>δι</span> <span class='ocrx_word' id='word_1_38' title='bbox 660 500 728 548; x_wconf 58' lang='grc' dir='ltr'>πρὸ</span> <span class='ocrx_word' id='word_1_39' title='bbox 747 495 833 536; x_wconf 58' lang='grc' dir='ltr'>ὃὲοῦ</span> <span class='ocrx_word' id='word_1_40' title='bbox 842 529 852 546; x_wconf 87' lang='grc'>,</span> <span class='ocrx_word' id='word_1_41' title='bbox 873 497 960 538; x_wconf 83' lang='lat' dir='ltr'>licet</span> <span class='ocrx_word' id='word_1_42' title='bbox 975 513 1089 550; x_wconf 77' lang='lat' dir='ltr'><em>operae</em></span> <span class='ocrx_word' id='word_1_43' title='bbox 1101 502 1244 554; x_wconf 79' lang='lat' dir='ltr'>pretium</span> <span class='ocrx_word' id='word_1_44' title='bbox 1257 515 1344 542; x_wconf 87' lang='lat' dir='ltr'>ver-</span> 
     </span>
     <span class='ocr_line' id='line_1_6' title="bbox 80 549 769 602; baseline 0.001 -15"><span class='ocrx_word' id='word_1_45' title='bbox 80 558 159 596; x_wconf 85' lang='lat' dir='ltr'>tas,</span> <span class='ocrx_word' id='word_1_46' title='bbox 184 562 274 601; x_wconf 86' lang='lat' dir='ltr'>prae</span> <span class='ocrx_word' id='word_1_47' title='bbox 287 551 411 589; x_wconf 84' lang='lat' dir='ltr'>altero</span> <span class='ocrx_word' id='word_1_48' title='bbox 432 550 598 602; x_wconf 85' lang='lat' dir='ltr'>languet.</span> <span class='ocrx_word' id='word_1_49' title='bbox 625 549 769 588; x_wconf 71' lang='lat' dir='ltr'>Rtlrz.</span> 
     </span>
    </p>

    <p class='ocr_par' dir='ltr' id='par_1_3' title="bbox 133 601 1339 656">
     <span class='ocr_line' id='line_1_7' title="bbox 133 601 1339 656; baseline 0.007 -16"><span class='ocrx_word' id='word_1_50' title='bbox 133 602 169 641; x_wconf 81' lang='lat' dir='ltr'>in</span> <span class='ocrx_word' id='word_1_51' title='bbox 184 603 296 643; x_wconf 79' lang='lat' dir='ltr'>Schol.</span> <span class='ocrx_word' id='word_1_52' title='bbox 305 604 368 642; x_wconf 91' lang='lat' dir='ltr'>col.</span> <span class='ocrx_word' id='word_1_53' title='bbox 384 617 415 642; x_wconf 86' lang='lat'>1.</span> <span class='ocrx_word' id='word_1_54' title='bbox 433 604 455 641; x_wconf 91' lang='lat' dir='ltr'>l.</span> <span class='ocrx_word' id='word_1_55' title='bbox 475 618 504 653; x_wconf 89' lang='lat'>5.</span> <span class='ocrx_word' id='word_1_56' title='bbox 523 602 579 642; x_wconf 81' lang='grc' dir='ltr'>Εἰς</span> <span class='ocrx_word' id='word_1_57' title='bbox 590 606 634 641; x_wconf 66' lang='grc' dir='ltr'>τὸ</span> <span class='ocrx_word' id='word_1_58' title='bbox 652 602 768 653; x_wconf 64' lang='grc' dir='ltr'>αὐτὸ)</span> <span class='ocrx_word' id='word_1_59' title='bbox 784 601 921 656; x_wconf 85' lang='lat' dir='ltr'>Incipit</span> <span class='ocrx_word' id='word_1_60' title='bbox 938 604 1013 644; x_wconf 82' lang='lat' dir='ltr'>scil.</span> <span class='ocrx_word' id='word_1_61' title='bbox 1028 618 1178 646; x_wconf 90' lang='lat' dir='ltr'>novum</span> <span class='ocrx_word' id='word_1_62' title='bbox 1194 607 1231 647; x_wconf 91' lang='lat' dir='ltr'>in</span> <span class='ocrx_word' id='word_1_63' title='bbox 1245 620 1339 648; x_wconf 87' lang='lat' dir='ltr'>eun-</span> 
     </span>
    </p>
   </div>
   <div class='ocr_carea' id='block_1_3' title="bbox 11 655 702 714">
    <p class='ocr_par' dir='ltr' id='par_1_4' title="bbox 11 655 702 714">
     <span class='ocr_line' id='line_1_8' title="bbox 11 655 702 714; baseline 0.001 -21"><span class='ocrx_word' id='word_1_64' title='bbox 11 710 14 714; x_wconf 89' lang='lat'>.</span> <span class='ocrx_word' id='word_1_65' title='bbox 79 655 164 694; x_wconf 87' lang='lat' dir='ltr'>dem</span> <span class='ocrx_word' id='word_1_66' title='bbox 181 656 308 695; x_wconf 89' lang='lat' dir='ltr'>locum</span> <span class='ocrx_word' id='word_1_67' title='bbox 323 655 519 696; x_wconf 84' lang='lat' dir='ltr'>Scholion.</span> <span class='ocrx_word' id='word_1_68' title='bbox 547 656 702 696; x_wconf 73' lang='lat' dir='ltr'>SOLAN.</span> 
     </span>
    </p>
   </div>
   <div class='ocr_carea' id='block_1_4' title="bbox 77 708 1343 1135">
    <p class='ocr_par' dir='ltr' id='par_1_5' title="bbox 77 708 1343 816">
     <span class='ocr_line' id='line_1_9' title="bbox 131 708 1343 768; baseline 0.007 -22"><span class='ocrx_word' id='word_1_69' title='bbox 131 709 209 747; x_wconf 83' lang='lat' dir='ltr'>ibid.</span> <span class='ocrx_word' id='word_1_70' title='bbox 223 710 244 747; x_wconf 89' lang='lat' dir='ltr'>l.</span> <span class='ocrx_word' id='word_1_71' title='bbox 259 709 293 749; x_wconf 94' lang='lat'>8.</span> <span class='ocrx_word' id='word_1_72' title='bbox 310 710 380 749; x_wconf 81' lang='grc' dir='ltr'>Ὃς</span> <span class='ocrx_word' id='word_1_73' title='bbox 398 709 512 761; x_wconf 66' lang='grc' dir='ltr'>Κριὸς)</span> <span class='ocrx_word' id='word_1_74' title='bbox 538 709 594 748; x_wconf 87' lang='lat' dir='ltr'>Ita</span> <span class='ocrx_word' id='word_1_75' title='bbox 617 708 781 749; x_wconf 83' lang='lat' dir='ltr'>fabulam</span> <span class='ocrx_word' id='word_1_76' title='bbox 798 709 843 748; x_wconf 91' lang='lat' dir='ltr'>de</span> <span class='ocrx_word' id='word_1_77' title='bbox 853 711 1128 751; x_wconf 44' lang='lat' dir='ltr'>aureo-fellere</span> <span class='ocrx_word' id='word_1_78' title='bbox 1141 712 1223 754; x_wconf 86' lang='lat' dir='ltr'>satis</span> <span class='ocrx_word' id='word_1_79' title='bbox 1236 713 1343 768; x_wconf 82' lang='lat' dir='ltr'>frigi·</span> 
     </span>
     <span class='ocr_line' id='line_1_10' title="bbox 77 760 1251 816; baseline 0.005 -16"><span class='ocrx_word' id='word_1_80' title='bbox 77 760 125 800; x_wconf 85' lang='lat' dir='ltr'>de</span> <span class='ocrx_word' id='word_1_81' title='bbox 140 762 410 816; x_wconf 70' lang='grc' dir='ltr'>ἐμυθολόγησεν</span> <span class='ocrx_word' id='word_1_82' title='bbox 426 763 642 802; x_wconf 82' lang='lat' dir='ltr'>Heraclitus</span> <span class='ocrx_word' id='word_1_83' title='bbox 653 763 699 802; x_wconf 93' lang='lat' dir='ltr'>de</span> <span class='ocrx_word' id='word_1_84' title='bbox 712 762 991 803; x_wconf 86' lang='lat' dir='ltr'>incredibilibus</span> <span class='ocrx_word' id='word_1_85' title='bbox 1006 778 1037 804; x_wconf 87' lang='lat' dir='ltr'>c.</span> <span class='ocrx_word' id='word_1_86' title='bbox 1052 779 1111 814; x_wconf 86' lang='lat'>24.</span> <span class='ocrx_word' id='word_1_87' title='bbox 1125 766 1251 806; x_wconf 78' lang='lat' dir='ltr'>CLER.</span> 
     </span>
    </p>

    <p class='ocr_par' dir='ltr' id='par_1_6' title="bbox 79 815 1341 917">
     <span class='ocr_line' id='line_1_11' title="bbox 131 815 1341 873; baseline 0.008 -20"><span class='ocrx_word' id='word_1_88' title='bbox 131 816 210 855; x_wconf 83' lang='lat' dir='ltr'>ibid.</span> <span class='ocrx_word' id='word_1_89' title='bbox 225 817 248 854; x_wconf 89' lang='lat' dir='ltr'>l.</span> <span class='ocrx_word' id='word_1_90' title='bbox 263 830 320 869; x_wconf 85' lang='lat'>13.</span> <span class='ocrx_word' id='word_1_91' title='bbox 342 815 495 867; x_wconf 77' lang='grc' dir='ltr'>Ἐφῶτε)</span> <span class='ocrx_word' id='word_1_92' title='bbox 521 816 610 868; x_wconf 88' lang='lat' dir='ltr'>Leg.</span> <span class='ocrx_word' id='word_1_93' title='bbox 631 816 773 864; x_wconf 81' lang='grc' dir='ltr'>ἐφοίτα.</span> <span class='ocrx_word' id='word_1_94' title='bbox 797 816 939 855; x_wconf 80' lang='lat' dir='ltr'>REI&#39;rz.</span> <span class='ocrx_word' id='word_1_95' title='bbox 963 818 1185 873; x_wconf 83' lang='lat' dir='ltr'>Weffeling.</span> <span class='ocrx_word' id='word_1_96' title='bbox 1205 820 1341 863; x_wconf 79' lang='lat' dir='ltr'>melius</span> 
     </span>
     <span class='ocr_line' id='line_1_12' title="bbox 79 865 607 917; baseline -0.002 -9"><span class='ocrx_word' id='word_1_97' title='bbox 79 867 135 917; x_wconf 73' lang='grc' dir='ltr'>ἔφ’</span> <span class='ocrx_word' id='word_1_98' title='bbox 151 865 180 906; x_wconf 67' lang='grc' dir='ltr'>ἱῧ</span> <span class='ocrx_word' id='word_1_99' title='bbox 193 884 249 908; x_wconf 81' lang='grc' dir='ltr'>τε.</span> <span class='ocrx_word' id='word_1_100' title='bbox 276 870 387 909; x_wconf 84' lang='lat' dir='ltr'><strong>IDEM</strong></span> <span class='ocrx_word' id='word_1_101' title='bbox 401 870 435 907; x_wconf 78' lang='lat' dir='ltr'>in</span> <span class='ocrx_word' id='word_1_102' title='bbox 451 871 607 907; x_wconf 74' lang='lat' dir='ltr'>Addend.</span> 
     </span>
    </p>

    <p class='ocr_par' dir='ltr' id='par_1_7' title="bbox 80 921 1341 1025">
     <span class='ocr_line' id='line_1_13' title="bbox 130 921 1341 1015; baseline 0.007 -55"><span class='ocrx_word' id='word_1_103' title='bbox 130 924 281 1015; x_wconf 62' lang='lat' dir='ltr'>ibisdaeol.</span> <span class='ocrx_word' id='word_1_104' title='bbox 299 937 331 962; x_wconf 82' lang='lat'>2.</span> <span class='ocrx_word' id='word_1_105' title='bbox 355 924 377 962; x_wconf 88' lang='lat' dir='ltr'>l.</span> <span class='ocrx_word' id='word_1_106' title='bbox 396 937 427 976; x_wconf 85' lang='lat'>5.</span> <span class='ocrx_word' id='word_1_107' title='bbox 457 921 577 975; x_wconf 65' lang='grc' dir='ltr'>Δάνῃ)</span> <span class='ocrx_word' id='word_1_108' title='bbox 601 921 663 962; x_wconf 84' lang='lat' dir='ltr'>Sic</span> <span class='ocrx_word' id='word_1_109' title='bbox 675 923 728 962; x_wconf 91' lang='lat' dir='ltr'>V.</span> <span class='ocrx_word' id='word_1_110' title='bbox 747 922 874 968; x_wconf 86' lang='lat' dir='ltr'>etiam,</span> <span class='ocrx_word' id='word_1_111' title='bbox 889 935 1083 976; x_wconf 86' lang='lat' dir='ltr'>corrupte.</span> <span class='ocrx_word' id='word_1_112' title='bbox 1109 927 1210 980; x_wconf 81' lang='lat' dir='ltr'>Lege</span> <span class='ocrx_word' id='word_1_113' title='bbox 1224 925 1341 969; x_wconf 52' lang='lat' dir='ltr'>‹ruva-</span> 
     </span>
     <span class='ocr_line' id='line_1_14' title="bbox 80 986 323 1025; baseline 0.004 -11"><span class='ocrx_word' id='word_1_114' title='bbox 80 988 141 1025; x_wconf 71' lang='grc' dir='ltr'>σῃ.</span> <span class='ocrx_word' id='word_1_115' title='bbox 193 986 323 1015; x_wconf 83' lang='lat' dir='ltr'>OLAN.</span> 
     </span>
    </p>

    <p class='ocr_par' dir='ltr' id='par_1_8' title="bbox 138 1028 1052 1081">
     <span class='ocr_line' id='line_1_15' title="bbox 138 1028 1052 1081; baseline 0.002 -14"><span class='ocrx_word' id='word_1_116' title='bbox 138 1031 220 1068; x_wconf 83' lang='lat' dir='ltr'>ibid.</span> <span class='ocrx_word' id='word_1_117' title='bbox 235 1032 259 1069; x_wconf 89' lang='lat' dir='ltr'>l.</span> <span class='ocrx_word' id='word_1_118' title='bbox 275 1037 336 1069; x_wconf 74' lang='lat'>21.</span> <span class='ocrx_word' id='word_1_119' title='bbox 358 1028 430 1069; x_wconf 84' lang='grc' dir='ltr'>Σὺν</span> <span class='ocrx_word' id='word_1_120' title='bbox 442 1044 486 1068; x_wconf 79' lang='grc' dir='ltr'>τε</span> <span class='ocrx_word' id='word_1_121' title='bbox 497 1028 582 1081; x_wconf 62' lang='lat' dir='ltr'>so’)</span> <span class='ocrx_word' id='word_1_122' title='bbox 599 1030 654 1068; x_wconf 83' lang='lat' dir='ltr'>Ex</span> <span class='ocrx_word' id='word_1_123' title='bbox 670 1029 713 1068; x_wconf 86' lang='lat' dir='ltr'>Il.</span> <span class='ocrx_word' id='word_1_124' title='bbox 727 1034 770 1075; x_wconf 86' lang='lat' dir='ltr'>K,</span> <span class='ocrx_word' id='word_1_125' title='bbox 787 1044 873 1076; x_wconf 81' lang='lat'>224.</span> <span class='ocrx_word' id='word_1_126' title='bbox 894 1028 1052 1070; x_wconf 75' lang='lat' dir='ltr'>SOLAN.</span> 
     </span>
    </p>

    <p class='ocr_par' dir='ltr' id='par_1_9' title="bbox 130 1082 1339 1135">
     <span class='ocr_line' id='line_1_16' title="bbox 130 1082 1339 1135; baseline 0.007 -16"><span class='ocrx_word' id='word_1_127' title='bbox 130 1082 222 1133; x_wconf 82' lang='lat' dir='ltr'>Pag.</span> <span class='ocrx_word' id='word_1_128' title='bbox 240 1096 325 1134; x_wconf 90' lang='lat'>290.</span> <span class='ocrx_word' id='word_1_129' title='bbox 336 1085 357 1121; x_wconf 91' lang='lat' dir='ltr'>l.</span> <span class='ocrx_word' id='word_1_130' title='bbox 371 1097 404 1122; x_wconf 88' lang='lat'>2.</span> <span class='ocrx_word' id='word_1_131' title='bbox 416 1083 653 1133; x_wconf 75' lang='grc' dir='ltr'>Ἀφωνὸτερος</span> <span class='ocrx_word' id='word_1_132' title='bbox 671 1105 715 1112; x_wconf 91' lang='grc'>-</span> <span class='ocrx_word' id='word_1_133' title='bbox 729 1082 869 1133; x_wconf 71' lang='grc' dir='ltr'><em>ἰχθύων</em></span> <span class='ocrx_word' id='word_1_134' title='bbox 881 1083 898 1135; x_wconf 92' lang='grc'>)</span> <span class='ocrx_word' id='word_1_135' title='bbox 912 1085 1022 1122; x_wconf 85' lang='lat' dir='ltr'>Arist.</span> <span class='ocrx_word' id='word_1_136' title='bbox 1038 1099 1058 1122; x_wconf 86' lang='lat'>2</span> <span class='ocrx_word' id='word_1_137' title='bbox 1077 1085 1121 1123; x_wconf 84' lang='lat' dir='ltr'>de</span> <span class='ocrx_word' id='word_1_138' title='bbox 1135 1098 1194 1125; x_wconf 88' lang='lat' dir='ltr'>an.</span> <span class='ocrx_word' id='word_1_139' title='bbox 1210 1087 1339 1129; x_wconf 82' lang='lat' dir='ltr'>adimit</span> 
     </span>
    </p>
   </div>
   <div class='ocr_carea' id='block_1_5' title="bbox 5 1135 1340 1189">
    <p class='ocr_par' dir='ltr' id='par_1_10' title="bbox 5 1135 1340 1189">
     <span class='ocr_line' id='line_1_17' title="bbox 5 1135 1340 1189; baseline 0.004 -17"><span class='ocrx_word' id='word_1_140' title='bbox 5 1165 8 1172; x_wconf 26' lang='grc' dir='ltr'><strong>Δ</strong></span> <span class='ocrx_word' id='word_1_141' title='bbox 74 1136 257 1175; x_wconf 86' lang='lat' dir='ltr'>omnibus</span> <span class='ocrx_word' id='word_1_142' title='bbox 272 1136 435 1188; x_wconf 84' lang='lat' dir='ltr'>piscibus</span> <span class='ocrx_word' id='word_1_143' title='bbox 449 1149 588 1175; x_wconf 88' lang='lat' dir='ltr'>vocem</span> <span class='ocrx_word' id='word_1_144' title='bbox 601 1167 612 1183; x_wconf 88' lang='lat'>‚</span> <span class='ocrx_word' id='word_1_145' title='bbox 627 1147 795 1188; x_wconf 83' lang='lat' dir='ltr'>excepto</span> <span class='ocrx_word' id='word_1_146' title='bbox 820 1135 981 1188; x_wconf 84' lang='lat' dir='ltr'>scaphro</span> <span class='ocrx_word' id='word_1_147' title='bbox 1001 1138 1042 1176; x_wconf 73' lang='grc' dir='ltr'>δε</span> <span class='ocrx_word' id='word_1_148' title='bbox 1058 1152 1180 1189; x_wconf 87' lang='lat' dir='ltr'>porco</span> <span class='ocrx_word' id='word_1_149' title='bbox 1197 1141 1340 1181; x_wconf 84' lang='lat' dir='ltr'>fluvia.</span> 
     </span>
    </p>
   </div>
   <div class='ocr_carea' id='block_1_6' title="bbox 75 1189 1341 2527">
    <p class='ocr_par' dir='ltr' id='par_1_11' title="bbox 75 1189 1341 1350">
     <span class='ocr_line' id='line_1_18' title="bbox 75 1189 1340 1247; baseline 0.005 -20"><span class='ocrx_word' id='word_1_150' title='bbox 75 1189 143 1228; x_wconf 86' lang='lat' dir='ltr'>tili.</span> <span class='ocrx_word' id='word_1_151' title='bbox 161 1191 322 1229; x_wconf 87' lang='lat' dir='ltr'>Veteres</span> <span class='ocrx_word' id='word_1_152' title='bbox 343 1201 469 1228; x_wconf 84' lang='lat' dir='ltr'>autem</span> <span class='ocrx_word' id='word_1_153' title='bbox 487 1191 660 1241; x_wconf 85' lang='lat' dir='ltr'>quemvis</span> <span class='ocrx_word' id='word_1_154' title='bbox 683 1190 820 1242; x_wconf 90' lang='lat' dir='ltr'>piscem</span> <span class='ocrx_word' id='word_1_155' title='bbox 836 1191 1026 1229; x_wconf 81' lang='lat' dir='ltr'>vocabant</span> <span class='ocrx_word' id='word_1_156' title='bbox 1041 1192 1208 1239; x_wconf 71' lang='grc' dir='ltr'>ἔλλοπα,</span> <span class='ocrx_word' id='word_1_157' title='bbox 1231 1197 1340 1247; x_wconf 82' lang='lat' dir='ltr'>quod</span> 
     </span>
     <span class='ocr_line' id='line_1_19' title="bbox 76 1242 1340 1296; baseline 0.004 -14"><span class='ocrx_word' id='word_1_158' title='bbox 76 1255 215 1282; x_wconf 86' lang='lat' dir='ltr'>vocem</span> <span class='ocrx_word' id='word_1_159' title='bbox 228 1244 339 1283; x_wconf 89' lang='lat' dir='ltr'>edere</span> <span class='ocrx_word' id='word_1_160' title='bbox 351 1256 428 1282; x_wconf 89' lang='lat' dir='ltr'>non</span> <span class='ocrx_word' id='word_1_161' title='bbox 444 1243 572 1296; x_wconf 63' lang='lat' dir='ltr'>posset.</span> <span class='ocrx_word' id='word_1_162' title='bbox 583 1244 696 1283; x_wconf 90' lang='lat' dir='ltr'>Unde</span> <span class='ocrx_word' id='word_1_163' title='bbox 708 1242 803 1282; x_wconf 88' lang='lat' dir='ltr'>Plut.</span> <span class='ocrx_word' id='word_1_164' title='bbox 819 1245 855 1281; x_wconf 93' lang='lat' dir='ltr'>in</span> <span class='ocrx_word' id='word_1_165' title='bbox 870 1243 1004 1295; x_wconf 89' lang='lat' dir='ltr'>Symp.</span> <span class='ocrx_word' id='word_1_166' title='bbox 1017 1246 1205 1285; x_wconf 74' lang='lat' dir='ltr'>&amp;Athen</span> <span class='ocrx_word' id='word_1_167' title='bbox 1217 1249 1340 1287; x_wconf 83' lang='lat' dir='ltr'>existi·</span> 
     </span>
     <span class='ocr_line' id='line_1_20' title="bbox 76 1295 1341 1350; baseline 0.004 -15"><span class='ocrx_word' id='word_1_168' title='bbox 76 1308 198 1342; x_wconf 84' lang='lat' dir='ltr'>mant,</span> <span class='ocrx_word' id='word_1_169' title='bbox 208 1296 489 1349; x_wconf 79' lang='lat' dir='ltr'>Pythagoricos</span> <span class='ocrx_word' id='word_1_170' title='bbox 503 1310 520 1335; x_wconf 84' lang='lat' dir='ltr'>a</span> <span class='ocrx_word' id='word_1_171' title='bbox 534 1297 692 1350; x_wconf 85' lang='lat' dir='ltr'>piscibus</span> <span class='ocrx_word' id='word_1_172' title='bbox 703 1295 920 1335; x_wconf 74' lang='lat' dir='ltr'>abstinuisse</span> <span class='ocrx_word' id='word_1_173' title='bbox 931 1297 983 1335; x_wconf 92' lang='lat' dir='ltr'>ob</span> <span class='ocrx_word' id='word_1_174' title='bbox 994 1297 1212 1350; x_wconf 70' lang='grc' dir='ltr'>ἐχεμυθίαν.</span> <span class='ocrx_word' id='word_1_175' title='bbox 1223 1299 1341 1345; x_wconf 82' lang='lat' dir='ltr'>COG.·</span> 
     </span>
    </p>

    <p class='ocr_par' dir='ltr' id='par_1_12' title="bbox 76 1349 1339 1658">
     <span class='ocr_line' id='line_1_21' title="bbox 129 1349 1338 1403; baseline 0.004 -15"><span class='ocrx_word' id='word_1_176' title='bbox 129 1351 201 1389; x_wconf 84' lang='lat' dir='ltr'>ead.</span> <span class='ocrx_word' id='word_1_177' title='bbox 220 1351 244 1389; x_wconf 89' lang='lat' dir='ltr'>l.</span> <span class='ocrx_word' id='word_1_178' title='bbox 264 1353 420 1403; x_wconf 69' lang='grc' dir='ltr'><em>3,·Ὀνας</em></span> <span class='ocrx_word' id='word_1_179' title='bbox 436 1349 631 1403; x_wconf 69' lang='grc' dir='ltr'>πλουτεῖν)</span> <span class='ocrx_word' id='word_1_180' title='bbox 644 1350 772 1389; x_wconf 84' lang='lat' dir='ltr'>Simile</span> <span class='ocrx_word' id='word_1_181' title='bbox 788 1350 949 1402; x_wconf 86' lang='lat' dir='ltr'>protulit</span> <span class='ocrx_word' id='word_1_182' title='bbox 964 1350 1044 1391; x_wconf 87' lang='lat' dir='ltr'>Cic.</span> <span class='ocrx_word' id='word_1_183' title='bbox 1059 1352 1097 1389; x_wconf 87' lang='lat' dir='ltr'>in</span> <span class='ocrx_word' id='word_1_184' title='bbox 1109 1352 1252 1392; x_wconf 78' lang='lat' dir='ltr'>Sallust.</span> <span class='ocrx_word' id='word_1_185' title='bbox 1269 1354 1338 1394; x_wconf 79' lang='lat' dir='ltr'>Pa-</span> 
     </span>
     <span class='ocr_line' id='line_1_22' title="bbox 77 1402 1339 1457; baseline 0.006 -16"><span class='ocrx_word' id='word_1_186' title='bbox 77 1402 156 1442; x_wconf 76' lang='lat' dir='ltr'>stor</span> <span class='ocrx_word' id='word_1_187' title='bbox 168 1404 319 1456; x_wconf 81' lang='lat' dir='ltr'>quidam</span> <span class='ocrx_word' id='word_1_188' title='bbox 337 1405 435 1456; x_wconf 87' lang='lat' dir='ltr'>apud</span> <span class='ocrx_word' id='word_1_189' title='bbox 451 1404 667 1444; x_wconf 84' lang='lat' dir='ltr'>Theocr.in</span> <span class='ocrx_word' id='word_1_190' title='bbox 680 1403 758 1443; x_wconf 89' lang='lat' dir='ltr'>Ecl.</span> <span class='ocrx_word' id='word_1_191' title='bbox 777 1403 832 1442; x_wconf 87' lang='lat' dir='ltr'>IX</span> <span class='ocrx_word' id='word_1_192' title='bbox 848 1419 857 1443; x_wconf 90' lang='lat'>:</span> <span class='ocrx_word' id='word_1_193' title='bbox 883 1424 928 1433; x_wconf 93' lang='lat'>——</span> <span class='ocrx_word' id='word_1_194' title='bbox 946 1426 991 1433; x_wconf 96' lang='lat'><strong>—</strong></span> <span class='ocrx_word' id='word_1_195' title='bbox 1016 1404 1095 1457; x_wconf 78' lang='grc' dir='ltr'>ἔχω</span> <span class='ocrx_word' id='word_1_196' title='bbox 1110 1405 1158 1444; x_wconf 57' lang='grc' dir='ltr'>δέ</span> <span class='ocrx_word' id='word_1_197' title='bbox 1175 1421 1233 1445; x_wconf 84' lang='grc' dir='ltr'>τοι</span> <span class='ocrx_word' id='word_1_198' title='bbox 1258 1407 1339 1448; x_wconf 63' lang='grc' dir='ltr'>ὅσα·</span> 
     </span>
     <span class='ocr_line' id='line_1_23' title="bbox 76 1456 1338 1514; baseline 0.002 -17"><span class='ocrx_word' id='word_1_199' title='bbox 76 1458 115 1497; x_wconf 70' lang='grc' dir='ltr'>ἐν</span> <span class='ocrx_word' id='word_1_200' title='bbox 127 1457 243 1507; x_wconf 79' lang='grc' dir='ltr'><em>ὀνείρῳ</em></span> <span class='ocrx_word' id='word_1_201' title='bbox 260 1457 475 1501; x_wconf 79' lang='grc' dir='ltr'><em>Φαίνονται,</em></span> <span class='ocrx_word' id='word_1_202' title='bbox 489 1461 639 1497; x_wconf 73' lang='grc' dir='ltr'>πολλὰς</span> <span class='ocrx_word' id='word_1_203' title='bbox 649 1457 716 1507; x_wconf 84' lang='grc' dir='ltr'>μὲν</span> <span class='ocrx_word' id='word_1_204' title='bbox 728 1456 784 1496; x_wconf 81' lang='grc' dir='ltr'>’όϊς</span> <span class='ocrx_word' id='word_1_205' title='bbox 795 1459 945 1496; x_wconf 68' lang='grc' dir='ltr'>πολλὰς</span> <span class='ocrx_word' id='word_1_206' title='bbox 959 1457 1004 1496; x_wconf 51' lang='grc' dir='ltr'>ἑὲ</span> <span class='ocrx_word' id='word_1_207' title='bbox 1012 1459 1212 1511; x_wconf 73' lang='grc' dir='ltr'><em>χιμαίρας.</em></span> <span class='ocrx_word' id='word_1_208' title='bbox 1229 1462 1338 1514; x_wconf 86' lang='lat' dir='ltr'><em>Poffi&#39;·</em></span> 
     </span>
     <span class='ocr_line' id='line_1_24' title="bbox 76 1510 1336 1564; baseline 0.003 -14"><span class='ocrx_word' id='word_1_209' title='bbox 76 1514 137 1550; x_wconf 81' lang='lat' dir='ltr'>deo</span> <span class='ocrx_word' id='word_1_210' title='bbox 149 1541 160 1556; x_wconf 88' lang='lat'>‚</span> <span class='ocrx_word' id='word_1_211' title='bbox 184 1527 395 1564; x_wconf 80' lang='lat' dir='ltr'>quaecunque</span> <span class='ocrx_word' id='word_1_212' title='bbox 407 1512 519 1563; x_wconf 71' lang='lat' dir='ltr'>solent</span> <span class='ocrx_word' id='word_1_213' title='bbox 530 1511 599 1562; x_wconf 89' lang='lat' dir='ltr'>sub</span> <span class='ocrx_word' id='word_1_214' title='bbox 619 1514 708 1549; x_wconf 67' lang='lat' dir='ltr'>noble</span> <span class='ocrx_word' id='word_1_215' title='bbox 725 1511 830 1549; x_wconf 80' lang='lat' dir='ltr'>videri</span> <span class='ocrx_word' id='word_1_216' title='bbox 853 1512 894 1548; x_wconf 81' lang='lat' dir='ltr'>In</span> <span class='ocrx_word' id='word_1_217' title='bbox 909 1510 1065 1561; x_wconf 85' lang='lat' dir='ltr'>somnis,</span> <span class='ocrx_word' id='word_1_218' title='bbox 1084 1513 1152 1550; x_wconf 77' lang='lat' dir='ltr'>vim</span> <span class='ocrx_word' id='word_1_219' title='bbox 1176 1528 1336 1564; x_wconf 81' lang='lat' dir='ltr'>magnam</span> 
     </span>
     <span class='ocr_line' id='line_1_25' title="bbox 77 1563 1336 1618; baseline 0.004 -15"><span class='ocrx_word' id='word_1_220' title='bbox 77 1567 212 1612; x_wconf 83' lang='lat' dir='ltr'>ovium,</span> <span class='ocrx_word' id='word_1_221' title='bbox 233 1565 420 1618; x_wconf 64' lang='lat' dir='ltr'>multafilue</span> <span class='ocrx_word' id='word_1_222' title='bbox 433 1566 594 1617; x_wconf 80' lang='lat' dir='ltr'>capellas.</span> <span class='ocrx_word' id='word_1_223' title='bbox 619 1565 767 1604; x_wconf 83' lang='lat' dir='ltr'>COGN.</span> <span class='ocrx_word' id='word_1_224' title='bbox 796 1563 872 1603; x_wconf 88' lang='lat' dir='ltr'>Pro</span> <span class='ocrx_word' id='word_1_225' title='bbox 886 1565 971 1602; x_wconf 73' lang='grc' dir='ltr'>κατ’</span> <span class='ocrx_word' id='word_1_226' title='bbox 986 1565 1085 1616; x_wconf 62' lang='grc' dir='ltr'><em>ἕνας.</em></span> <span class='ocrx_word' id='word_1_227' title='bbox 1111 1566 1203 1605; x_wconf 89' lang='lat' dir='ltr'>Non</span> <span class='ocrx_word' id='word_1_228' title='bbox 1221 1567 1336 1608; x_wconf 85' lang='lat' dir='ltr'>semel</span> 
     </span>
     <span class='ocr_line' id='line_1_26' title="bbox 76 1617 942 1658; baseline -0.003 0"><span class='ocrx_word' id='word_1_229' title='bbox 76 1618 278 1658; x_wconf 85' lang='lat' dir='ltr'>habuimus</span> <span class='ocrx_word' id='word_1_230' title='bbox 293 1619 341 1658; x_wconf 89' lang='lat' dir='ltr'>T.</span> <span class='ocrx_word' id='word_1_231' title='bbox 357 1619 382 1658; x_wconf 91' lang='lat'>1.</span> <span class='ocrx_word' id='word_1_232' title='bbox 398 1619 444 1658; x_wconf 91' lang='lat' dir='ltr'>Et</span> <span class='ocrx_word' id='word_1_233' title='bbox 458 1618 545 1657; x_wconf 84' lang='lat' dir='ltr'>satis</span> <span class='ocrx_word' id='word_1_234' title='bbox 562 1630 697 1658; x_wconf 89' lang='lat' dir='ltr'>notum</span> <span class='ocrx_word' id='word_1_235' title='bbox 714 1618 776 1657; x_wconf 89' lang='lat' dir='ltr'>est.</span> <span class='ocrx_word' id='word_1_236' title='bbox 797 1617 942 1656; x_wconf 69' lang='grc' dir='ltr'><strong><em>ΚΕΗ-Ζ.</em></strong></span> 
     </span>
    </p>

    <p class='ocr_par' dir='ltr' id='par_1_13' title="bbox 75 1670 1337 1873">
     <span class='ocr_line' id='line_1_27' title="bbox 131 1670 1332 1727; baseline 0.003 -16"><span class='ocrx_word' id='word_1_237' title='bbox 131 1675 203 1711; x_wconf 85' lang='lat' dir='ltr'>ead.</span> <span class='ocrx_word' id='word_1_238' title='bbox 217 1674 239 1712; x_wconf 87' lang='lat' dir='ltr'>l.</span> <span class='ocrx_word' id='word_1_239' title='bbox 260 1686 290 1720; x_wconf 83' lang='lat'>5.</span> <span class='ocrx_word' id='word_1_240' title='bbox 313 1671 379 1711; x_wconf 79' lang='grc' dir='ltr'>Ζεῦ</span> <span class='ocrx_word' id='word_1_241' title='bbox 397 1672 599 1724; x_wconf 74' lang='grc' dir='ltr'>τεράστιε)</span> <span class='ocrx_word' id='word_1_242' title='bbox 627 1673 823 1723; x_wconf 52' lang='lat' dir='ltr'>Temo-⁷105</span> <span class='ocrx_word' id='word_1_243' title='bbox 839 1671 926 1710; x_wconf 76' lang='grc' dir='ltr'>Ζεὺς</span> <span class='ocrx_word' id='word_1_244' title='bbox 946 1670 1129 1723; x_wconf 85' lang='lat' dir='ltr'>Sophocl.</span> <span class='ocrx_word' id='word_1_245' title='bbox 1144 1673 1179 1712; x_wconf 83' lang='lat' dir='ltr'>in</span> <span class='ocrx_word' id='word_1_246' title='bbox 1193 1673 1332 1727; x_wconf 90' lang='lat' dir='ltr'>Oedip.</span> 
     </span>
     <span class='ocr_line' id='line_1_28' title="bbox 75 1723 1335 1778; baseline 0.002 -13"><span class='ocrx_word' id='word_1_247' title='bbox 75 1724 176 1766; x_wconf 90' lang='lat' dir='ltr'>Oed.</span> <span class='ocrx_word' id='word_1_248' title='bbox 191 1725 334 1766; x_wconf 84' lang='lat' dir='ltr'>Colon.</span> <span class='ocrx_word' id='word_1_249' title='bbox 356 1724 423 1765; x_wconf 78' lang='grc' dir='ltr'>Ζεῦ</span> <span class='ocrx_word' id='word_1_250' title='bbox 442 1723 632 1776; x_wconf 67' lang='grc' dir='ltr'>αλεξῆτωςι</span> <span class='ocrx_word' id='word_1_251' title='bbox 647 1725 707 1764; x_wconf 83' lang='grc' dir='ltr'>τίς</span> <span class='ocrx_word' id='word_1_252' title='bbox 719 1725 809 1764; x_wconf 72' lang='grc' dir='ltr'>ποτ’</span> <span class='ocrx_word' id='word_1_253' title='bbox 834 1724 849 1763; x_wconf 85' lang='grc' dir='ltr'>ὁ</span> <span class='ocrx_word' id='word_1_254' title='bbox 873 1726 1053 1776; x_wconf 71' lang='grc' dir='ltr'>πρεσβύς;</span> <span class='ocrx_word' id='word_1_255' title='bbox 1075 1726 1241 1778; x_wconf 86' lang='lat' dir='ltr'>Hesych.</span> <span class='ocrx_word' id='word_1_256' title='bbox 1259 1730 1335 1776; x_wconf 83' lang='lat' dir='ltr'>ait,</span> 
     </span>
     <span class='ocr_line' id='line_1_29' title="bbox 77 1778 1337 1832; baseline 0.005 -15"><span class='ocrx_word' id='word_1_257' title='bbox 77 1780 301 1831; x_wconf 76' lang='grc' dir='ltr'>Τεραστίους</span> <span class='ocrx_word' id='word_1_258' title='bbox 326 1779 438 1819; x_wconf 76' lang='grc' dir='ltr'>Θεοὺς</span> <span class='ocrx_word' id='word_1_259' title='bbox 459 1778 568 1820; x_wconf 92' lang='lat' dir='ltr'>Deos</span> <span class='ocrx_word' id='word_1_260' title='bbox 587 1778 659 1819; x_wconf 80' lang='lat' dir='ltr'>effe</span> <span class='ocrx_word' id='word_1_261' title='bbox 678 1778 873 1831; x_wconf 87' lang='lat' dir='ltr'>fignorum</span> <span class='ocrx_word' id='word_1_262' title='bbox 889 1791 933 1818; x_wconf 85' lang='lat' dir='ltr'>ac</span> <span class='ocrx_word' id='word_1_263' title='bbox 957 1780 1219 1832; x_wconf 85' lang='lat' dir='ltr'>prodigiorum</span> <span class='ocrx_word' id='word_1_264' title='bbox 1243 1780 1337 1823; x_wconf 86' lang='lat' dir='ltr'>effe·</span> 
     </span>
     <span class='ocr_line' id='line_1_30' title="bbox 79 1833 389 1873; baseline -0.003 0"><span class='ocrx_word' id='word_1_265' title='bbox 79 1833 218 1873; x_wconf 63' lang='lat' dir='ltr'>&amp;ores</span> <span class='ocrx_word' id='word_1_266' title='bbox 243 1833 389 1872; x_wconf 81' lang='lat' dir='ltr'>COGN.</span> 
     </span>
    </p>

    <p class='ocr_par' dir='ltr' id='par_1_14' title="bbox 77 1884 1335 2101">
     <span class='ocr_line' id='line_1_31' title="bbox 131 1884 1335 1939; baseline -0.002 -13"><span class='ocrx_word' id='word_1_267' title='bbox 131 1886 409 1938; x_wconf 57' lang='lat' dir='ltr'>ibidepo&#39;enmcc</span> <span class='ocrx_word' id='word_1_268' title='bbox 419 1885 646 1938; x_wconf 69' lang='grc' dir='ltr'>ἀλεξίκακε)</span> <span class='ocrx_word' id='word_1_269' title='bbox 660 1884 909 1938; x_wconf 81' lang='lat' dir='ltr'>Alciphr.111‚</span> <span class='ocrx_word' id='word_1_270' title='bbox 926 1885 992 1936; x_wconf 88' lang='lat' dir='ltr'>Ep.</span> <span class='ocrx_word' id='word_1_271' title='bbox 1006 1899 1057 1934; x_wconf 82' lang='lat'>47</span> <span class='ocrx_word' id='word_1_272' title='bbox 1069 1899 1124 1938; x_wconf 86' lang='lat' dir='ltr'>pr.</span> <span class='ocrx_word' id='word_1_273' title='bbox 1135 1885 1243 1939; x_wconf 67' lang='grc' dir='ltr'>Ἐρμῆ</span> <span class='ocrx_word' id='word_1_274' title='bbox 1254 1902 1335 1938; x_wconf 79' lang='grc' dir='ltr'>κερ.</span> 
     </span>
     <span class='ocr_line' id='line_1_32' title="bbox 77 1939 1335 1994; baseline 0.002 -14"><span class='ocrx_word' id='word_1_275' title='bbox 77 1940 154 1980; x_wconf 59' lang='grc' dir='ltr'>ἓῶε</span> <span class='ocrx_word' id='word_1_276' title='bbox 167 1972 178 1987; x_wconf 88' lang='grc'><em>,</em></span> <span class='ocrx_word' id='word_1_277' title='bbox 194 1940 256 1979; x_wconf 71' lang='grc' dir='ltr'>καὶ</span> <span class='ocrx_word' id='word_1_278' title='bbox 274 1941 479 1992; x_wconf 71' lang='grc' dir='ltr'>ἀλεξίκακε</span> <span class='ocrx_word' id='word_1_279' title='bbox 491 1939 697 1992; x_wconf 68' lang='grc' dir='ltr'>Ἡράκλεις,</span> <span class='ocrx_word' id='word_1_280' title='bbox 719 1939 921 1978; x_wconf 54' lang='lat' dir='ltr'>ammom.</span> <span class='ocrx_word' id='word_1_281' title='bbox 942 1939 1017 1979; x_wconf 88' lang='lat' dir='ltr'>Ubi</span> <span class='ocrx_word' id='word_1_282' title='bbox 1031 1940 1153 1993; x_wconf 84' lang='lat' dir='ltr'>Bergl.</span> <span class='ocrx_word' id='word_1_283' title='bbox 1169 1944 1243 1982; x_wconf 84' lang='lat' dir='ltr'>hoc</span> <span class='ocrx_word' id='word_1_284' title='bbox 1257 1944 1335 1994; x_wconf 85' lang='lat' dir='ltr'>pri-</span> 
     </span>
     <span class='ocr_line' id='line_1_33' title="bbox 78 1992 1335 2048; baseline 0.003 -15"><span class='ocrx_word' id='word_1_285' title='bbox 78 2007 185 2033; x_wconf 90' lang='lat' dir='ltr'>mum</span> <span class='ocrx_word' id='word_1_286' title='bbox 200 1992 273 2034; x_wconf 85' lang='lat' dir='ltr'>effe</span> <span class='ocrx_word' id='word_1_287' title='bbox 287 1994 466 2034; x_wconf 87' lang='lat' dir='ltr'>Herculis</span> <span class='ocrx_word' id='word_1_288' title='bbox 477 1995 673 2047; x_wconf 89' lang='lat' dir='ltr'>epitheton</span> <span class='ocrx_word' id='word_1_289' title='bbox 687 2006 734 2033; x_wconf 86' lang='lat' dir='ltr'>ex</span> <span class='ocrx_word' id='word_1_290' title='bbox 746 1993 902 2033; x_wconf 85' lang='lat' dir='ltr'>Luciani</span> <span class='ocrx_word' id='word_1_291' title='bbox 917 1992 953 2032; x_wconf 91' lang='lat' dir='ltr'>h.</span> <span class='ocrx_word' id='word_1_292' title='bbox 963 1993 987 2032; x_wconf 90' lang='lat'>1.</span> <span class='ocrx_word' id='word_1_293' title='bbox 1000 1993 1191 2048; x_wconf 83' lang='lat' dir='ltr'>Aristoph.</span> <span class='ocrx_word' id='word_1_294' title='bbox 1206 1995 1335 2037; x_wconf 89' lang='lat' dir='ltr'>Schol.</span> 
     </span>
     <span class='ocr_line' id='line_1_34' title="bbox 79 2047 714 2101; baseline -0.005 -13"><span class='ocrx_word' id='word_1_295' title='bbox 79 2047 121 2088; x_wconf 88' lang='lat'>&amp;</span> <span class='ocrx_word' id='word_1_296' title='bbox 137 2049 264 2101; x_wconf 82' lang='lat' dir='ltr'>Apoll.</span> <span class='ocrx_word' id='word_1_297' title='bbox 279 2048 406 2087; x_wconf 89' lang='lat' dir='ltr'>Rhod.</span> <span class='ocrx_word' id='word_1_298' title='bbox 419 2049 546 2087; x_wconf 89' lang='lat' dir='ltr'>docet.</span> <span class='ocrx_word' id='word_1_299' title='bbox 572 2048 714 2086; x_wconf 81' lang='lat' dir='ltr'>Rmz.</span> 
     </span>
    </p>

    <p class='ocr_par' dir='ltr' id='par_1_15' title="bbox 79 2099 1335 2205">
     <span class='ocr_line' id='line_1_35' title="bbox 130 2099 1335 2153; baseline 0.002 -12"><span class='ocrx_word' id='word_1_300' title='bbox 130 2105 203 2141; x_wconf 82' lang='lat' dir='ltr'>ead.</span> <span class='ocrx_word' id='word_1_301' title='bbox 220 2103 243 2141; x_wconf 91' lang='lat' dir='ltr'>I.</span> <span class='ocrx_word' id='word_1_302' title='bbox 272 2115 328 2150; x_wconf 85' lang='lat'>¹4·</span> <span class='ocrx_word' id='word_1_303' title='bbox 353 2102 566 2153; x_wconf 74' lang='grc' dir='ltr'>Ἀχιλλέως</span> <span class='ocrx_word' id='word_1_304' title='bbox 586 2099 733 2153; x_wconf 70' lang='grc' dir='ltr'>ἵππος)</span> <span class='ocrx_word' id='word_1_305' title='bbox 758 2100 878 2140; x_wconf 87' lang='lat' dir='ltr'>Hom.</span> <span class='ocrx_word' id='word_1_306' title='bbox 896 2099 937 2139; x_wconf 92' lang='grc' dir='ltr'>ΙΙ.</span> <span class='ocrx_word' id='word_1_307' title='bbox 958 2103 999 2147; x_wconf 87' lang='grc' dir='ltr'>Τ,</span> <span class='ocrx_word' id='word_1_308' title='bbox 1015 2100 1053 2139; x_wconf 92' lang='lat' dir='ltr'>in</span> <span class='ocrx_word' id='word_1_309' title='bbox 1075 2099 1163 2141; x_wconf 85' lang='lat' dir='ltr'>fine.</span> <span class='ocrx_word' id='word_1_310' title='bbox 1185 2101 1335 2143; x_wconf 80' lang='lat' dir='ltr'>COGN.</span> 
     </span>
     <span class='ocr_line' id='line_1_36' title="bbox 79 2155 486 2205; baseline -0.005 -9"><span class='ocrx_word' id='word_1_311' title='bbox 79 2156 103 2196; x_wconf 83' lang='lat' dir='ltr'>i.</span> <span class='ocrx_word' id='word_1_312' title='bbox 119 2168 152 2195; x_wconf 92' lang='lat' dir='ltr'>e.</span> <span class='ocrx_word' id='word_1_313' title='bbox 167 2169 205 2193; x_wconf 92' lang='lat' dir='ltr'>v.</span> <span class='ocrx_word' id='word_1_314' title='bbox 218 2168 311 2205; x_wconf 85' lang='lat'>404.</span> <span class='ocrx_word' id='word_1_315' title='bbox 330 2155 486 2195; x_wconf 70' lang='lat' dir='ltr'>SOLAN.</span> 
     </span>
    </p>

    <p class='ocr_par' dir='ltr' id='par_1_16' title="bbox 76 2202 1336 2410">
     <span class='ocr_line' id='line_1_37' title="bbox 132 2202 1336 2262; baseline 0.001 -14"><span class='ocrx_word' id='word_1_316' title='bbox 132 2211 209 2248; x_wconf 81' lang='lat' dir='ltr'>ibid.</span> <span class='ocrx_word' id='word_1_317' title='bbox 223 2208 374 2262; x_wconf 63' lang='grc' dir='ltr'>Ξάνθος)</span> <span class='ocrx_word' id='word_1_318' title='bbox 388 2210 534 2248; x_wconf 87' lang='lat' dir='ltr'>lunone</span> <span class='ocrx_word' id='word_1_319' title='bbox 547 2207 787 2261; x_wconf 84' lang='lat' dir='ltr'>suggerente:</span> <span class='ocrx_word' id='word_1_320' title='bbox 802 2202 995 2247; x_wconf 61' lang='grc' dir='ltr'>αὗὲήεντα</span> <span class='ocrx_word' id='word_1_321' title='bbox 1006 2206 1043 2247; x_wconf 63' lang='lat'>5⁰</span> <span class='ocrx_word' id='word_1_322' title='bbox 1056 2206 1155 2249; x_wconf 71' lang='grc' dir='ltr'>ἔθηκε</span> <span class='ocrx_word' id='word_1_323' title='bbox 1167 2209 1240 2247; x_wconf 67' lang='grc' dir='ltr'>ἰτέα</span> <span class='ocrx_word' id='word_1_324' title='bbox 1254 2220 1336 2249; x_wconf 79' lang='grc' dir='ltr'>λευ-</span> 
     </span>
     <span class='ocr_line' id='line_1_38' title="bbox 79 2262 490 2314; baseline -0.005 -11"><span class='ocrx_word' id='word_1_325' title='bbox 79 2262 238 2303; x_wconf 73' lang='grc' dir='ltr'>κώλενος</span> <span class='ocrx_word' id='word_1_326' title='bbox 251 2262 350 2314; x_wconf 77' lang='grc' dir='ltr'><strong><em>Ἥρη.</em></strong></span> <span class='ocrx_word' id='word_1_327' title='bbox 369 2263 490 2302; x_wconf 79' lang='lat' dir='ltr'>LEED.</span> 
     </span>
     <span class='ocr_line' id='line_1_39' title="bbox 76 2313 1336 2410; baseline 0.001 -56"><span class='ocrx_word' id='word_1_328' title='bbox 76 2368 113 2410; x_wconf 64' lang='lat' dir='ltr'>st</span> <span class='ocrx_word' id='word_1_329' title='bbox 132 2318 211 2355; x_wconf 84' lang='lat' dir='ltr'>ibid.</span> <span class='ocrx_word' id='word_1_330' title='bbox 233 2318 366 2366; x_wconf 74' lang='grc' dir='ltr'>Μακρὲι</span> <span class='ocrx_word' id='word_1_331' title='bbox 382 2314 551 2369; x_wconf 77' lang='grc' dir='ltr'>χαίρειν)</span> <span class='ocrx_word' id='word_1_332' title='bbox 569 2313 688 2355; x_wconf 77' lang='lat' dir='ltr'>Conf-</span> <span class='ocrx_word' id='word_1_333' title='bbox 700 2313 802 2367; x_wconf 86' lang='lat' dir='ltr'>supr.</span> <span class='ocrx_word' id='word_1_334' title='bbox 819 2313 906 2354; x_wconf 86' lang='lat' dir='ltr'>Iov.</span> <span class='ocrx_word' id='word_1_335' title='bbox 920 2313 1039 2354; x_wconf 86' lang='lat' dir='ltr'>Conf.</span> <span class='ocrx_word' id='word_1_336' title='bbox 1055 2328 1088 2355; x_wconf 92' lang='lat' dir='ltr'>c.</span> <span class='ocrx_word' id='word_1_337' title='bbox 1107 2329 1154 2368; x_wconf 81' lang='lat'>32</span> <span class='ocrx_word' id='word_1_338' title='bbox 1170 2313 1195 2354; x_wconf 90' lang='lat' dir='ltr'>f.</span> <span class='ocrx_word' id='word_1_339' title='bbox 1218 2315 1264 2354; x_wconf 89' lang='lat' dir='ltr'>Et</span> <span class='ocrx_word' id='word_1_340' title='bbox 1279 2315 1336 2355; x_wconf 83' lang='lat' dir='ltr'>in·</span> 
     </span>
    </p>

    <p class='ocr_par' dir='ltr' id='par_1_17' title="bbox 115 2370 424 2410">
     <span class='ocr_line' id='line_1_40' title="bbox 115 2370 424 2410; baseline 0.003 -1"><span class='ocrx_word' id='word_1_341' title='bbox 115 2382 138 2409; x_wconf 86' lang='lat' dir='ltr'>a</span> <span class='ocrx_word' id='word_1_342' title='bbox 151 2383 184 2410; x_wconf 92' lang='lat' dir='ltr'>c.</span> <span class='ocrx_word' id='word_1_343' title='bbox 202 2384 222 2408; x_wconf 86' lang='lat'><em>2</em></span> <span class='ocrx_word' id='word_1_344' title='bbox 253 2399 262 2408; x_wconf 93' lang='lat'>.</span> <span class='ocrx_word' id='word_1_345' title='bbox 285 2370 424 2410; x_wconf 78' lang='lat' dir='ltr'>Rmz.</span> 
     </span>
    </p>

    <p class='ocr_par' dir='ltr' id='par_1_18' title="bbox 79 2385 1337 2527">
     <span class='ocr_line' id='line_1_41' title="bbox 135 2385 1335 2477; baseline 0.002 -16"><span class='ocrx_word' id='word_1_346' title='bbox 135 2385 327 2477; x_wconf 69' lang='lat' dir='ltr'>Pag.3291.</span> <span class='ocrx_word' id='word_1_347' title='bbox 345 2424 368 2461; x_wconf 93' lang='lat' dir='ltr'>l.</span> <span class='ocrx_word' id='word_1_348' title='bbox 384 2424 419 2463; x_wconf 88' lang='lat'>6.</span> <span class='ocrx_word' id='word_1_349' title='bbox 439 2420 607 2476; x_wconf 67' lang='grc' dir='ltr'>Ἀργοῦς)</span> <span class='ocrx_word' id='word_1_350' title='bbox 622 2421 777 2462; x_wconf 80' lang='lat' dir='ltr'>Dicitur</span> <span class='ocrx_word' id='word_1_351' title='bbox 789 2420 899 2461; x_wconf 77' lang='lat' dir='ltr'>fuisse</span> <span class='ocrx_word' id='word_1_352' title='bbox 912 2421 1032 2474; x_wconf 87' lang='lat' dir='ltr'>prima</span> <span class='ocrx_word' id='word_1_353' title='bbox 1050 2421 1159 2461; x_wconf 78' lang='lat' dir='ltr'>navis</span> <span class='ocrx_word' id='word_1_354' title='bbox 1170 2452 1180 2469; x_wconf 94' lang='lat'>,</span> <span class='ocrx_word' id='word_1_355' title='bbox 1202 2423 1242 2460; x_wconf 89' lang='lat' dir='ltr'>in</span> <span class='ocrx_word' id='word_1_356' title='bbox 1257 2435 1335 2475; x_wconf 83' lang='lat' dir='ltr'>qua</span> 
     </span>
     <span class='ocr_line' id='line_1_42' title="bbox 79 2474 1337 2527; baseline -0.002 -11"><span class='ocrx_word' id='word_1_357' title='bbox 79 2476 191 2516; x_wconf 84' lang='lat' dir='ltr'>Iason</span> <span class='ocrx_word' id='word_1_358' title='bbox 209 2490 299 2516; x_wconf 89' lang='lat' dir='ltr'>cum</span> <span class='ocrx_word' id='word_1_359' title='bbox 323 2492 369 2527; x_wconf 89' lang='lat'>54</span> <span class='ocrx_word' id='word_1_360' title='bbox 390 2478 571 2517; x_wconf 88' lang='lat' dir='ltr'>heroibus</span> <span class='ocrx_word' id='word_1_361' title='bbox 591 2475 773 2516; x_wconf 76' lang='lat' dir='ltr'>Theffalis</span> <span class='ocrx_word' id='word_1_362' title='bbox 798 2475 996 2527; x_wconf 84' lang='lat' dir='ltr'>navigavit</span> <span class='ocrx_word' id='word_1_363' title='bbox 1017 2474 1188 2514; x_wconf 91' lang='lat' dir='ltr'>Colchos</span> <span class='ocrx_word' id='word_1_364' title='bbox 1209 2476 1254 2514; x_wconf 84' lang='lat' dir='ltr'>ad</span> <span class='ocrx_word' id='word_1_365' title='bbox 1276 2489 1337 2514; x_wconf 85' lang='lat' dir='ltr'>ra-</span> 
     </span>
    </p>
   </div>
   <div class='ocr_carea' id='block_1_7' title="bbox 81 2528 1338 2622">
    <p class='ocr_par' dir='ltr' id='par_1_19' title="bbox 81 2528 1338 2622">
     <span class='ocr_line' id='line_1_43' title="bbox 81 2528 1338 2621; baseline 0 -51"><span class='ocrx_word' id='word_1_366' title='bbox 81 2531 262 2584; x_wconf 80' lang='lat' dir='ltr'>piendum</span> <span class='ocrx_word' id='word_1_367' title='bbox 275 2532 398 2571; x_wconf 81' lang='lat' dir='ltr'>vellus</span> <span class='ocrx_word' id='word_1_368' title='bbox 415 2543 601 2576; x_wconf 83' lang='lat' dir='ltr'>aureum,</span> <span class='ocrx_word' id='word_1_369' title='bbox 625 2530 723 2570; x_wconf 55' lang='lat' dir='ltr'>dieta</span> <span class='ocrx_word' id='word_1_370' title='bbox 736 2530 784 2568; x_wconf 85' lang='lat' dir='ltr'>ab</span> <span class='ocrx_word' id='word_1_371' title='bbox 798 2528 966 2569; x_wconf 87' lang='lat' dir='ltr'>eiusdem</span> <span class='ocrx_word' id='word_1_372' title='bbox 968 2530 1150 2621; x_wconf 54' lang='lat' dir='ltr'>§ominis</span> <span class='ocrx_word' id='word_1_373' title='bbox 1173 2528 1338 2577; x_wconf 79' lang='lat' dir='ltr'>artifice;</span> 
     </span>
     <span class='ocr_line' id='line_1_44' title="bbox 1018 2594 1095 2622; baseline -0.013 0"><span class='ocrx_word' id='word_1_374' title='bbox 1018 2594 1045 2622; x_wconf 88' lang='lat' dir='ltr'>n</span> <span class='ocrx_word' id='word_1_375' title='bbox 1072 2595 1095 2621; x_wconf 87' lang='lat'><em>2</em></span> 
     </span>
    </p>
   </div>
  </div>
 </body>
</html>
