1764 3419
423 245 513 312 3&
618 229 1493 292 ANNOTATIONES

419 336 571 377 ὁπόσοις
586 335 719 375 ταῦτα
731 335 805 387 ὅρος
819 335 935 374 ἐστίν.
960 335 1152 373 Verrunt:
1174 333 1304 372 Virtute
1323 333 1386 386 (fit
1401 333 1554 386 ornata)
1565 340 1690 387 tempe2

420 392 555 436 rancia,
574 391 752 442 aequitate,
771 390 995 433 humanitate,
1010 398 1108 439 atque
1121 387 1216 433 aliis,
1237 402 1447 439 quaecunque
1467 388 1520 426 his
1535 389 1686 426 terminis

419 445 750 495 comprehenduntur.
768 442 903 493 Quam
919 440 1037 485 male,
1053 441 1174 478 'immo
1185 453 1301 492 quam
1318 441 1490 486 ridicule,
1510 440 1688 481 hunolo-

419 511 507 539 cum
519 498 701 536 verterint
713 526 723 541 ,
738 497 824 547 quis
839 504 915 532 tam
933 495 1010 532 tiro
1024 493 1076 532 est
1088 523 1100 538 ‚
1124 494 1190 546 qui
1205 506 1283 532 non
1299 493 1450 533 videat?
1464 493 1571 546 Quid
1585 494 1690 534 enim

421 553 552 591 ultima
574 550 690 589 verba
711 549 770 587 hic
786 549 990 593 denotant,
1008 562 1218 599 quaecunque
1238 548 1291 585 his
1313 548 1460 587 terminis
1474 548 1687 600 comprehen-

419 606 575 644 duntur?
597 614 662 641 aut
675 632 685 647 ‚
709 602 736 640 sl
751 601 899 651 poffent
922 601 983 639 hic
998 601 1141 652 aliquid
1160 600 1391 651 significare,
1414 602 1615 653 quomodo
1635 613 1690 642 ex.

420 657 580 698 Graecis
605 656 670 694 ista
693 655 853 707 colligas
875 665 943 693 aut
959 667 1005 693 ex
1013 653 1173 706 primas?
1198 654 1242 692 In
1257 655 1314 693 ed.
1329 653 1432 694 Flor.
1448 655 1511 693 καὶ
1523 654 1602 694 τοῖς
1615 653 1688 694 ἄλ.

418 723 513 757 Am,
538 708 661 748 ὁπόσοι
683 707 828 747 ταύτης
848 707 924 758 ὅρος
941 707 1057 746 ἐστίν.
1087 707 1307 746 Veriffime:
1328 708 1363 746 6»
1376 709 1456 746 aliis
1471 709 1691 754 ornamentis-j

419 763 597 817 quaesunt
608 764 643 800 in
658 763 721 800 tali
731 792 745 808 ,
762 761 808 801 sc.
826 760 981 808 femina,
994 760 1235 813 perfee‘liffima,
1255 773 1357 812 quae
1372 761 1524 814 poffunt
1533 762 1571 800 in
1585 760 1692 801 femi-

417 831 468 857 na
482 817 661 858 omnibus
675 815 845 854 numeris
858 813 1031 853 absoluta
1047 813 1121 853 effe
1135 813 1396 866 peri'effiffima
1409 814 1449 854 &
1469 814 1690 854 absolutissi-

419 884 491 910 ma.
517 870 678 910 Dudum
695 868 916 908 observavit
929 880 1087 920 magnus
1099 867 1354 908 Casaubonus
1368 869 1415 908 ad
1430 869 1689 918 Athenaeum,

418 924 493 976 ὅρος
505 926 542 963 δι
554 924 671 976 πέρας
684 923 844 962 alicuius
858 922 911 960 rei
923 922 1011 966 dici.
1023 922 1128 973 quod
1141 922 1322 961 volumus
1332 922 1486 974 intelligi
1497 921 1689 962 summum

419 978 502 1024 effe.
515 978 574 1018 Sic
583 977 699 1029 ’πέρας
714 977 865 1027 φιλίας,
876 975 950 1026 ὅρος
963 975 1110 1021 πενίας,
1123 974 1196 1014 effe
1201 975 1371 1026 summam
1383 976 1578 1022 amicitiam,
1587 975 1688 1028 sum-

419 1049 507 1071 mam
519 1044 762 1085 paupertatem.
791 1029 859 1068 His
873 1040 983 1080 potes
1003 1029 1077 1069 hoc
1094 1030 1312 1082 exemplum
1327 1029 1535 1069 adscribere
1546 1059 1556 1075 ‚
1580 1029 1688 1082 quod

419 1099 499 1125 non
510 1095 695 1139 ceperunt
710 1084 947 1134 interpretes.
958 1083 1114 1122 Mallem
1126 1093 1252 1122 tamen
1264 1084 1390 1136 legere
1399 1082 1522 1122 ὁπόσαι
1535 1083 1691 1123 ταύτων

418 1140 492 1191 ’ὄρος
509 1139 631 1186 ἐστὶν,
652 1138 687 1177 6¹
699 1153 783 1190 quae
796 1138 868 1175 alia
874 1137 960 1187 fimt
970 1138 1089 1175 talium
1105 1151 1369 1176 ornamentorum
1380 1135 1618 1190 perjefltffma.
1639 1137 1689 1177 Et

418 1194 469 1233 sic
492 1194 704 1233 Lucianum
728 1189 905 1243 scripsiss'e
925 1189 1141 1241 persuasum
1168 1190 1304 1230 habeo.
1327 1190 1500 1231 GRAEV.
1525 1189 1690 1244 Optima

419 1248 472 1287 est
488 1248 600 1287 leetio
614 1246 755 1285 Aldina
770 1246 810 1285 δι
826 1244 1081 1296 reliquorum,
1105 1242 1164 1283 sed
1181 1257 1336 1298 propter
1353 1245 1691 1297 interpretationes

419 1300 601 1341 obscuras
623 1309 767 1339 tentata
787 1311 808 1338 a
824 1298 1021 1338 Graevio:
1047 1297 1111 1350 qui
1132 1298 1246 1344 nihil,
1297 1308 1391 1345 uto,
1410 1299 1456 1337 de
1477 1297 1690 1339 sinceritate

418 1357 501 1394 eius
514 1353 733 1398 dubitasset,
755 1352 783 1391 fi
808 1352 846 1390 in
872 1363 1038 1390 mentem
1054 1364 1137 1390 tum
1158 1312 1318 1392 veniflpet
1331 1353 1417 1390 viro
1435 1364 1602 1404 magno,
1625 1351 1689 1392 so-

419 1409 498 1448 lere
516 1409 625 1460 saepe
639 1407 740 1458 apud
753 1418 870 1445 omne
883 1418 1003 1458 genus
1023 1405 1199 1445 auctores
1213 1406 1363 1458 exempla
1382 1406 1474 1458 poni
1487 1406 1577 1445 loco
1587 1407 1686 1460 finis,

419 1464 456 1501 h.
471 1476 503 1502 e.
529 1460 768 1501 definitionis.
792 1459 894 1499 Cum
919 1459 1033 1511 igitur
1052 1460 1113 1498 hic
1136 1469 1440 1499 commemorata
1454 1459 1526 1498 fint
1540 1460 1691 1513 aliquot

419 1518 609 1555 virtutum
633 1515 806 1559 nomina,
832 1511 1090 1565 subiungitur,
1109 1513 1220 1551 etiam
1234 1513 1401 1567 reliquas
1417 1513 1694 1566 intelligendas,

419 1571 560 1624 quibus
574 1569 747 1621 exempla
763 1567 913 1606 laudata
931 1565 1003 1605 smt
1020 1580 1091 1619 pro
1107 1565 1339 1606 definitione.
1360 1566 1487 1608 GESN.

416 1671 419 1678 Ι
473 1626 545 1663 ead.
564 1625 586 1662 l.
607 1638 638 1676 3.
649 1621 771 1673 Ὄρος)
787 1621 886 1660 Vide
900 1620 992 1659 Plat.
1006 1621 1063 1659 ed.
1075 1619 1161 1660 Bas.
1174 1634 1211 1673 p.
1230 1634 1304 1675 130
1315 1620 1362 1661 C.
1373 1621 1429 1660 Fl.
1445 1620 1570 1660 ὁπόσοι
1590 1620 1689 1661 ταώ·

414 1680 500 1718 ”της.
525 1677 608 1730 Ego
625 1677 717 1715 nihil
735 1685 855 1714 muto.
878 1674 1037 1714 Sor-AN.

472 1734 544 1770 ead.
559 1733 583 1770 l.
602 1746 637 1779 4.
658 1729 771 1769 Μύθον
787 1727 873 1767 ἀντὶ
890 1728 1006 1777 μύθου
1017 1725 1189 1777 ἄμειψαι
1205 1723 1311 1777 αὐτῷ
1325 1727 1378 1778 τῷ
1386 1727 1532 1781 μέτρῳ)
1551 1726 1688 1769 Μοῖτον

416 1784 663 1834 ἁντὶμοίτου,
675 1786 696 1823 i.
718 1796 751 1823 e.
768 1797 837 1836 par
841 1783 921 1833 pari
935 1781 1064 1833 referre,
1081 1782 1153 1835 legi
1172 1782 1276 1821 iubet
1293 1783 1447 1836 Menag.
1463 1784 1501 1821 in
1515 1782 1687 1822 Amoen.

417 1838 494 1879 Iur.
511 1838 600 1878 Civ.
620 1852 655 1889 p.
671 1850 760 1892 377,
777 1849 864 1877 cum
885 1836 1171 1888 Lindenbrogio
1191 1836 1237 1875 ad
1260 1834 1430 1888 Hesych.
1443 1849 1533 1876 cum
1555 1849 1589 1888 p.
1609 1835 1686 1888 376

417 1891 681 1945 praemisiss'et:
705 1894 769 1930 Ex
783 1890 997 1943 substantivo
1018 1889 1147 1940 μοῖτον
1161 1920 1172 1938 ,
1189 1892 1283 1942 quod
1303 1892 1346 1943 est
1372 1890 1493 1942 χάρις
1515 1890 1689 1940 ἀμοιβὶις,

409 1946 540 1998 fbflum
554 1948 598 1995 esl
607 1945 760 1997 μοιτᾷν,
772 1960 795 1983 a
805 1959 869 1996 quo
881 1945 1042 1983 Latinum
1058 1955 1225 1984 mutare:
1250 1960 1273 1982 a
1287 1945 1387 1983 verbo
1405 1946 1518 1983 deinde
1534 1954 1686 1984 mutare

408 2001 542 2052 fizblum
555 2003 600 2039 τὸ
616 2011 793 2040 mutuum
807 2020 852 2027 —
866 2011 905 2037 ut
915 2001 991 2037 reble
1005 1997 1156 2048 Salmafi
1171 2000 1210 2036 de
1221 1997 1344 2049 usuris.
1361 1999 1468 2049 Quod
1475 2000 1557 2036 adeo
1568 2012 1685 2037 verum

416 2057 472 2107 est,
488 2055 618 2106 inquit,
635 2066 674 2093 ut
691 2053 812 2092 Graeci
832 2051 992 2102 ἀμοιβῆς
1011 2053 1142 2091 nomine
1153 2081 1165 2097 ‚
1184 2054 1277 2105 quod
1285 2053 1474 2106 aequivalet
1493 2052 1686 2091 Siculorum

412 2108 549 2159 μοίτῳ,
562 2119 698 2147 mutuu
705 2121 756 2153 m,
759 2109 834 2158 sive
845 2122 909 2145 rem
921 2118 1036 2145 mutuo
1050 2108 1178 2152 datam,
1189 2105 1408 2158 appellarint,
1423 2107 1495 2158 teste
1506 2105 1685 2159 Hesjtclu'o

413 2163 490 2201 διε.
504 2161 668 2213 Bergler.
683 2173 779 2200 vero
792 2160 838 2199 ad
851 2159 1020 2211 Alciphr.
1035 2159 1073 2208 Ι,
1091 2173 1140 2208 24
1153 2159 1177 2197 f.
1193 2173 1229 2211 p.
1243 2159 1293 2212 98
1304 2189 1315 2207 ‚
1335 2159 1444 2210 μόθον
1463 2159 1550 2199 ἀντὶ
1564 2159 1682 2210 μύθου

413 2216 664 2268 proverbium
678 2213 751 2254 effe
767 2227 816 2253 ex
834 2214 908 2253 hoc
924 2212 1006 2252 solo
1022 2213 1179 2253 Luciani
1190 2213 1282 2252 loco
1297 2212 1367 2259 ait,
1386 2212 1450 2253 ubi
1465 2212 1681 2266 Alciphron

412 2269 572 2321 scripsit,
588 2268 733 2321 καρπῶν
753 2267 798 2308 ἑὲ
810 2265 974 2319 εὐφαμίαις
993 2267 1208 2321 γενομένης,
1225 2266 1422 2317 ἐκτίσομεν
1443 2262 1538 2306 αὗτδ
1553 2269 1600 2305 τὶ
1611 2266 1683 2315 μέ-

412 2339 511 2371 τρον,
531 2323 595 2362 καὶ
618 2326 740 2370 λώϊον,
761 2322 825 2362 {dcv
840 2336 902 2360 τις
920 2316 1063 2374 simmia
1082 2321 1258 2374 γένηται.
1281 2319 1470 2371 Quocum
1499 2320 1684 2360 concinat

414 2376 571 2416 Hefiod.
585 2377 682 2431 Ἐργ.
696 2390 733 2417 ν.
750 2389 847 2429 350:
866 2397 911 2404 —
926 2370 966 2413 ei>
979 2373 1016 2413 A*
1028 2372 1239 2414 &nosofivaee
1264 2373 1374 2423 Αὖτῷ
1389 2373 1443 2424 τῷ
1451 2373 1591 2424 μέτρῳ,
1614 2374 1683 2414 καὶ

412 2432 534 2473 λώϊον,
547 2431 632 2471 alite
646 2430 792 2470 ὃὺνηιιι.
804 2429 907 2468 Bene
923 2429 1088 2480 quidem,
1103 2429 1148 2468 ad
1165 2428 1420 2480 probandum,
1434 2423 1539 2475 αὐτῷ
1549 2426 1606 2476 τῷ
1616 2427 1683 2476 μὲ-

412 2500 484 2535 τρῳ
494 2484 685 2531 usitatum,
693 2485 731 2524 δι
742 2482 1025 2535 proverbialem
1037 2482 1111 2522 effe
1119 2483 1370 2527 locutionem,
1378 2482 1488 2520 cuius
1498 2480 1680 2533 exempla

410 2539 525 2592 longe
539 2539 665 2593 plura,
688 2548 767 2577 tam
783 2550 830 2578 ex
843 2537 965 2579 Novo
983 2535 1100 2577 Foed.
1117 2548 1233 2591 quam
1247 2548 1296 2578 ex
1310 2534 1483 2590 profanis
1493 2533 1668 2576 austorib
