1764 3419
286 230 356 283 ΙΝ
389 228 692 283 SOMNIUM
724 226 841 280 SEU
876 228 1165 282 GALLUM.·
1264 241 1347 303 561

83 321 172 364 ileo
186 321 272 362 inter
277 323 317 375 se
326 322 541 368 conveniunt,
545 323 639 373 ficut
647 322 683 360 δ’
695 322 769 361 alia
785 323 947 375 quaedam
956 352 968 370 ‚
991 323 1115 372 partim
1127 323 1195 362 iam
1207 339 1327 366 notata
1339 355 1354 377 ,

81 378 208 428 partim
220 380 388 425 notanda,
399 388 438 414 ut
452 376 508 414 vel
519 377 617 415 ambo
629 391 673 415 ex
685 376 799 426 iisdem
808 376 1040 427 fontibusfica
1053 378 1223 428 hauserint
1235 394 1246 417 .·
1271 382 1328 418 vel
1339 410 1355 427 ,

87 433 180 482 quod
186 432 305 481 potius
316 432 410 470 credo
420 456 434 476 ,
457 430 542 468 alter
554 430 597 467 ab
610 430 737 468 altero:
764 430 798 468 6·
804 429 896 480 fime
910 431 1082 468 Lucianus
1101 446 1123 467 a
1142 432 1264 482 Nostro
1274 446 1286 470 .·
1310 448 1354 472 ac

21 509 29 517 -
78 482 185 534 firme
198 484 267 522 iam
283 485 396 528 credo,
412 483 600 522 Lucianum
613 481 902 534 Ἀλκιφρονίζειν,
924 498 991 522 non
1013 484 1253 536 Alciphronem
1267 490 1353 524 Λου-

85 537 272 587 κιανίζειν.
290 537 414 588 Magis
427 547 537 574 autem
553 536 665 574 omnia
679 537 867 575 dilatantur
879 540 974 589 apud
985 536 1185 576 Lucianum.
1208 538 1353 580 ΚΕΗ-Ζ.

140 592 212 629 ead.
229 590 253 628 l.
266 590 301 630 6.
315 589 516 641 Διάτορον)
532 589 692 637 Perfant.
709 588 878 629 GUYET.
899 590 1076 640 Διάτορόν
1089 605 1128 629 τι
1144 591 1205 629 καὶ
1223 605 1354 645 γεγω-

86 642 162 694 νδς)
187 643 277 682 Hoc
299 641 390 682 loco
416 643 472 681 uti
498 653 649 694 poterat
675 642 747 681 Iac.
762 642 993 682 Gronovius
1012 644 1057 682 ad
1074 643 1354 685 defendendum

86 695 292 735 Aelianum
310 695 364 734 V.
377 693 427 734 H.
441 709 478 742 2,
493 709 555 745 44.
582 696 628 734 ab
642 697 864 747 importuna
886 697 1128 736 correctione
1145 698 1353 748 Perizonii3

87 750 156 789 ubi
172 750 303 788 eadem
322 750 438 788 verba
452 761 688 795 occurrunt,
703 748 874 799 διάτορόν
887 763 931 788 τε
949 750 1010 788 καὶ
1024 754 1193 803 γε’)ιωνῂς
1208 751 1265 790 ὅτι
1276 754 1353 802 μά-

89 812 223 841 λιστα.
247 803 319 842 Sed
333 801 408 854 ipse
424 803 583 854 agnovit
599 814 768 842 errorem
791 804 899 842 suum
922 802 1159 849 Perizomus,
1179 805 1220 843 &
1242 805 1353 845 usum

88 856 199 896 verbi
214 855 420 895 declaravit
439 867 486 894 ex
504 857 657 911 Aristot.
672 856 796 895 Probl.
822 870 860 894 11
876 886 888 902 ,
906 870 952 904 25
968 887 977 902 ‚
998 857 1063 895 sm,
1079 856 1120 896 τί
1144 857 1235 897 ὃταν
1249 860 1305 918 ἀγ
1313 875 1353 898 υ-

38 936 46 945 ,
86 908 238 963 ρωθῦσιν
248 908 533 961 αιὸρχῆστροιι,
557 906 671 948 ἦττον
691 909 1076 963 οἱχοροὶγεγώνασιν.
1095 912 1182 949 Vid.
1197 901 1353 954 Dissfde

88 975 218 1002 morte
233 963 348 1002 Iudae
361 975 442 1014 cap.
461 975 520 1008 10,
538 976 573 1015 p.
589 964 652 1012 76.
674 963 758 1002 Nec
770 961 1014 1002 diffimulavit
1029 976 1198 1016 nuperus
1212 966 1353 1016 editor,

86 1016 185 1056 Abr.
202 1016 443 1056 Gronovius.
461 1015 590 1056 Gsssx.
613 1015 892 1068 Adscripseram
909 1018 945 1056 δι
959 1029 1034 1069 ego
1049 1018 1221 1057 nonnihil
1234 1020 1279 1059 de
1292 1020 1353 1060 lo-

86 1081 138 1109 co
148 1070 298 1109 Aeliani
315 1083 351 1117 2,
360 1084 422 1117 44⁶
435 1069 508 1109 Sed
519 1070 664 1116 videns,
674 1069 885 1111 Gesnerum
899 1070 996 1110 idem
1009 1083 1135 1122 agere9
1150 1084 1232 1111 mea
1241 1072 1312 1112 exs
1309 1087 1353 1114 u.

86 1122 166 1162 lare
181 1122 273 1163 iuffi.
288 1123 378 1162 Hoc
397 1134 525 1163 tamen
541 1123 688 1171 addam,
708 1123 807 1162 male
820 1125 856 1161 in
870 1125 926 1164 ed.
941 1124 1089 1163 Aeliani
1107 1125 1353 1168 Perizoniana

87 1177 231 1216 editum
248 1180 408 1231 γεγονὸς
422 1178 541 1216 media
553 1177 684 1225 brevi,
706 1189 794 1217 cum
809 1178 1013 1216 Kuhniana
1034 1177 1170 1217 ref'tius
1181 1183 1353 1233 *ys-ymbe

88 1231 242 1270 dederit.
260 1231 358 1269 Nam
372 1231 544 1284 γεγονὼς
554 1230 605 1270 est
616 1241 719 1269 natus
728 1246 745 1278 ;
763 1230 956 1284 yeycovbar,
969 1234 1059 1283 quod
1072 1245 1170 1270 aures
1178 1231 1274 1283 ferit.
1303 1234 1352 1274 Et

85 1284 140 1324 stc
154 1285 328 1336 Alciphr.
345 1284 424 1329 Ill,
450 1284 520 1337 Ep.
536 1284 603 1332 48,
625 1283 718 1335 τορῷ
731 1298 802 1323 τινι
826 1286 887 1322 καὶ
900 1285 1138 1337 γεγωνοτέρᾳ)
1151 1283 1352 1336 ommam

88 1340 343 1391 χρησάμενος·
358 1337 427 1390 (fic
441 1338 554 1384 enim,
571 1349 642 1389 pro
656 1333 876 1390 φρονήματι,
890 1350 981 1376 cum
992 1338 1116 1390 Bergl.
1129 1338 1353 1392 legendum)

89 1393 137 1431 ad
151 1402 249 1444 quae
264 1391 382 1431 verba
401 1391 566 1443 Bergler.
584 1391 678 1431 haec
696 1391 858 1430 Luciani
878 1404 1000 1443 aeque
1014 1404 1060 1430 ac
1077 1392 1225 1430 Aeliani
1238 1391 1353 1432 affer-

87 1457 131 1486 re
144 1446 243 1485 haud
266 1445 444 1497 neglexit.
467 1444 576 1484 Adde
588 1445 746 1484 Homer.
766 1445 806 1483 11.
823 1450 874 1491 Θ,
893 1445 1121 1495 227,”Ηϋσεν
1135 1444 1180 1484 Σὲ
1190 1445 1354 1499 δίαιπρὺ-

89 1501 378 1548 σιον,Δα.νοιοῑα-ι
403 1498 599 1553 γεγωνὸς,
618 1497 823 1550 vociferatus
836 1511 947 1537 autem
969 1501 1012 1551 est
1035 1498 1180 1549 intense,
1198 1501 1353 1540 Danaos

89 1552 294 1593 inclamans.
313 1553 373 1592 Ne
388 1554 495 1607 plura
513 1564 573 1604 ap.
588 1553 699 1592 eund.
714 1553 831 1591 obvia
846 1552 1097 1592 accumulem.
1123 1552 1271 1593 Rmz.

150 1607 240 1658 pag.v
254 1606 340 1658 289.
356 1608 379 1645 l.
404 1621 437 1659 3.
463 1605 568 1645 Εὐθὺς
583 1606 642 1658 σε)
663 1606 782 1646 Κεξὶε
799 1606 860 1646 hic
871 1606 952 1645 edd.
969 1603 1084 1654 εὐθὺς,
1102 1605 1169 1645 etsi
1186 1618 1212 1646 a·
1234 1606 1353 1660 sequi.

89 1668 179 1708 tur3
197 1672 288 1699 nam
301 1660 352 1699 ita
363 1659 623 1706 scribendum,
647 1660 802 1712 quando
827 1671 978 1712 tempus
997 1659 1244 1712 significatur,
1269 1659 1353 1700 εὐθὺ

89 1727 207 1763 vero,
221 1715 377 1768 quando
391 1713 513 1763 locus,
532 1726 689 1753 monent
703 1713 944 1765 Phrynichus
957 1714 1256 1760 &Ammonius,
1271 1726 1353 1754 non

90 1767 249 1823 prorsus
259 1769 474 1810 immerito:
499 1768 586 1807 licet
599 1769 700 1807 enim
712 1767 886 1820 exempla
908 1779 990 1807 non
1011 1766 1151 1815 desint,
1173 1768 1240 1806 ubi
1262 1781 1355 1807 con-

91 1822 304 1863 fundantur
316 1818 395 1861 εὐθὺ
408 1823 448 1861 &
462 1819 573 1870 εὐθὺς,
589 1833 631 1860 ut
643 1821 755 1874 supra
768 1821 902 1860 Amor.
917 1834 950 1860 c.
969 1833 1030 1874 53,
1045 1819 1110 1859 οὐκ
1123 1817 1201 1860 εὐθὺ
1214 1821 1354 1873 περίερ-

91 1888 182 1931 γον,
198 1877 387 1940 nonstatim
399 1875 499 1914 nimis
511 1874 676 1927 curiosum
687 1876 797 1914 illud.-
821 1875 909 1914 ibid.
923 1887 954 1914 c.
966 1874 1006 1920 8,
1024 1872 1105 1914 εὐθὺ
1125 1875 1206 1928 ’γίις
1217 1889 1290 1923 μου
1305 1889 1350 1905 -’-

93 1930 509 1982 προσεῤῥυησων,]ἶαιὶηι
521 1930 569 1968 ad
578 1944 628 1968 me
640 1951 685 1959 —
699 1931 932 1981 confluebant:
959 1928 1046 1967 item
1061 1941 1094 1966 c.
1111 1943 1159 1975 42
1170 1958 1182 1977 ‚
1197 1927 1278 1967 εύθῦ
1299 1929 1356 1968 τὰ

92 1985 226 2036 μακρὰ
240 1983 376 2035 λούτροι
387 1983 460 2023 διε.
470 1994 598 2022 tamen
609 1984 661 2022 ibi
674 1981 793 2022 fretus
804 1982 958 2023 Luciani
971 1982 1051 2021 edd.
1064 1980 1216 2033 aliisque
1228 1993 1358 2021 exem·

92 2038 164 2091 plis
174 2065 185 2084 ‚
207 2049 306 2090 quae
320 2047 452 2076 notata
466 2037 652 2076 habebam
662 2064 676 2082 ‚
697 2050 763 2089 per
781 2035 1057 2075 festinationem
1070 2047 1200 2075 autem
1222 2035 1359 2075 addere

91 2103 176 2130 non
188 2101 380 2143 poteram,
395 2091 503 2129 nimis
521 2091 744 2144 generaliter
761 2090 847 2137 dixi,
864 2090 952 2128 nihil
965 2088 1199 2128 differentiae
1212 2087 1286 2128 effe
1302 2090 1359 2127 in-

89 2155 154 2184 ter
166 2145 271 2183 baeer
284 2143 377 2183 Ideo
386 2145 531 2190 deinde,
548 2145 615 2183 ubi
627 2144 755 2184 denuo
766 2142 923 2183 confusa
938 2143 1138 2190 invenero,
1150 2142 1224 2181 hoc
1236 2141 1295 2181 dis
1293 2155 1360 2194 pu-

94 2199 190 2238 tabo
204 2198 432 2244 accuratius,
448 2199 488 2237 δι
499 2198 674 2250 exempla
688 2198 890 2251 complura
902 2197 919 2235 s
918 2198 1137 2249 ubiungam‚
1157 2197 1221 2234 ubi
1234 2194 1362 2234 distin·

97 2263 255 2305 guatur,
267 2253 334 2291 ubi
349 2251 616 2292 confundatur.
630 2252 773 2290 Rern.
794 2251 868 2290 Pro
880 2247 980 2290 εὐθὺς
994 2251 1039 2290 cl.
1050 2250 1130 2289 Bel.
1145 2249 1190 2288 de
1203 2249 1295 2288 Ball.
1309 2260 1360 2287 ex

98 2305 172 2346 ΜΓ.
186 2305 284 2358 Reg.
299 2318 412 2371 3011.
438 2307 576 2358 reponi
598 2306 701 2344 iubet
717 2306 868 2356 ἀμέλει,
888 2315 1044 2357 propter
1060 2303 1232 2342 vicinum
1245 2303 1360 2341 nimis

97 2360 260 2399 alterum
273 2358 385 2405 ευθὺς,
402 2361 536 2411 paucis
548 2359 753 2399 interiectis
765 2359 1000 2398 antecedens.
1018 2356 1089 2396 Sed
1105 2355 1359 2396 condonanda

97 2411 202 2453 forte
225 2411 291 2466 ista
317 2414 496 2465 repetitio
521 2412 770 2466 indignationi
795 2412 958 2465 Micylli.
988 2410 1210 2451 Admodum
1233 2420 1362 2449 tamen

100 2465 292 2508 blanditur
306 2469 422 2506 etiam
442 2467 555 2506 nobis
568 2467 658 2506 illud
675 2467 827 2517 ἀμέλει.

154 2520 236 2560 ibid.
262 2520 468 2573 Συντρίβων
489 2519 540 2568 ‘ri
559 2520 772 2573 βακτηρίᾳ)
797 2516 1247 2561 Celeh.D’Ab1anc0urt
1266 2516 1361 2557 haec

215 2574 364 2617 Lucian.
391 2574 469 2617 Vol.
505 2573 570 2617 VI.
1041 2571 1076 2611 N
1096 2583 1125 2611 n
