1764 3419
434 261 530 306 404
639 242 1499 293 ANNOTATIONES

435 349 517 383 ιως,
532 331 571 374 &
595 334 666 374 alia
691 333 865 374 sexcenta
891 333 1044 373 fimilia?
1066 333 1171 373 ltus.
1184 334 1314 374 Verba
1335 335 1398 374 illa
1412 337 1578 385 rariora,
1597 347 1697 392 quae

436 388 579 428 Ienfius
593 389 740 434 attulit,
761 400 923 427 numero
945 388 990 426 ad
1003 398 1154 427 centum
1169 388 1517 441 &quinquaginta,
1537 391 1698 432 indicata

435 454 542 483 erant
557 442 602 480 ad
618 454 720 481 num.
734 454 844 493 pagg.
856 441 912 479 ed.
929 441 1035 479 Salm.
1049 441 1133 479 Nos
1145 452 1270 480 autem
1286 454 1330 480 ea
1346 443 1390 480 ad
1411 443 1570 494 capitas.
1589 458 1698 496 para-

437 497 601 548 graphos
613 496 668 534 ed.
692 494 840 533 nostrae
852 494 1256 543 accommodavimus,
1275 507 1352 535 non
1371 495 1449 535 stne
1464 497 1612 550 aliquot
1627 498 1698 540 ho-

437 563 564 588 rarum
578 548 662 587 satis
676 547 836 586 molesto
851 547 991 586 labore.
1007 547 1151 586 RErrz.

488 605 559 641 ead.
575 603 598 640 l.
611 601 646 639 8.
661 601 810 663 Χρυσειη
828 600 921 652 &c.)
942 601 1101 640 Homer.
1116 601 1156 639 Il.
1172 606 1207 646 l,
1227 600 1300 654 389
1304 601 1483 642 ..SOLAN

489 656 597 694 ead.l.
616 669 671 692 11.
689 650 740 692 Οὐ
761 654 804 691 se
805 654 1130 720 uoec&c)Hom.
1143 654 1184 692 ll.
1201 659 1250 701 A
1273 668 1355 707 ¹15·
1372 655 1528 695 SOLAN.

490 709 580 759 Pag.
596 721 656 757 27.
671 708 692 746 l.
712 722 747 754 4.
757 707 890 759 ‘'Oa-ep)
913 706 1032 746 Infra‘
1035 712 1111 746 Υπ.
1127 707 1199 746 Εὶκ.
1213 719 1246 746 c.
1263 722 1327 760 23,
1338 710 1481 749 ’.Αλεκτ
1496 723 1528 749 c.
1547 724 1597 760 24
1615 710 1697 753 fi&

436 761 574 812 Φιλοψ.
592 774 638 815 19
654 760 677 800 f.
691 761 850 803 SOLAN.
863 760 979 801 Conf.
991 759 1102 814 supra
1116 772 1246 801 notata
1259 763 1350 802 ade.
1368 775 1426 813 ¹7·
1443 763 1589 804 Rmz.

1555 875 1695 891 —-

444 876 1343 889 —————-————

658 952 737 997 IN
784 953 934 999 PRO
987 951 1480 998 IMAGINIBUS.

488 1031 578 1084 Pag.
595 1030 654 1070 28
669 1032 691 1070 l.
759 1035 867 1070 ΠΟΛ.
872 1030 1211 1084 )Praeponendam
1229 1031 1302 1071 effe
1316 1032 1375 1071 hic
1388 1031 1589 1083 Polystrati
1609 1045 1696 1086 pero'

434 1081 587 1133 sonam,
609 1086 674 1138 qui
698 1031 888 1137 lingitur)
872 1098 959 1125 cum
985 1084 1149 1124 Panthea
1170 1086 1266 1124 Veri
1288 1086 1333 1124 de
1357 1084 1541 1137 superiori
1565 1087 1692 1126 libello

434 1137 613 1183 locutus,
630 1139 669 1178 &
689 1138 802 1199 ipfius
826 1139 998 1178 mandata
1021 1139 1066 1177 ad
1091 1138 1299 1178 Lucianum
1325 1139 1514 1191 perferre,
1535 1152 1583 1179 ex
1602 1139 1696 1187 sub-⁴

434 1191 530 1230 iefta
545 1192 675 1231 deinde
690 1193 769 1232 eius
785 1191 808 1231 s.
826 1192 962 1244 Lycini
976 1191 1217 1253 responsione
1229 1205 1398 1245 apparet.
1414 1192 1542 1233 Gesn.

485 1246 564 1284 ibid.
578 1247 672 1299 Ἐγώ
689 1246 774 1299 σοι)
797 1246 991 1285 Feminam
1011 1246 1135 1294 illam,
1152 1247 1260 1285 cuius
1279 1245 1584 1286 absolutiflimam
1608 1248 1693 1300 pul-

432 1298 683 1339 chritudinem
708 1301 821 1338 animi
843 1300 883 1339 δι
905 1300 1079 1352 corporis
1098 1300 1334 1351 praecedenti
1348 1300 1478 1340 libello
1492 1302 1694 1341 adumbra-

431 1362 490 1391 rat
506 1353 714 1401 Lucianus,
739 1366 841 1393 nunc
868 1352 984 1406 ipsam
1006 1353 1145 1393 inducit
1163 1353 1268 1405 quafi
1289 1353 1563 1406 indignantem,
1582 1355 1691 1407 quod

431 1406 558 1445 nimiis
574 1407 622 1444 ab
648 1419 696 1446 eo
712 1406 854 1446 sublata
878 1407 922 1445 fit
946 1407 1140 1453 laudibus,
1155 1406 1194 1446 δι
1219 1418 1391 1453 tantum,
1408 1420 1489 1460 quo
1504 1408 1692 1448 celebrata

432 1470 532 1506 erat,
556 1460 772 1499 encomium
793 1473 813 1498 a
834 1459 869 1499 se
889 1460 1142 1499 amolientem.
1164 1461 1223 1499 Ne
1237 1471 1362 1499 tamen
1381 1472 1490 1513 gerat
1511 1461 1575 1501 se'
1569 1474 1693 1523 ingra-

431 1522 533 1558 tam,
559 1514 756 1552 exorditur
777 1527 798 1552 a
820 1514 1115 1561 benevolentia,
1193 1527 1252 1552 am
1277 1516 1316 1552 in
1342 1514 1539 1561 Luciam,
1559 1528 1634 1575 qui
1652 1515 1690 1555 se

430 1566 546 1606 tantis
560 1568 703 1606 ornarit
718 1567 944 1613 virtutibus,
960 1527 1190 1620 perspexiscile
1196 1567 1259 1607 ait.
1276 1567 1372 1621 Ἐγώ
1388 1582 1467 1616 σοι,
1490 1562 1516 1607 ἶ)
1535 1567 1662 1608 Λυκῖνε
1676 1599 1692 1616 ,

429 1620 543 1669 Quot?
560 1636 578 1661 77
596 1635 714 1673 711177
730 1623 783 1659 Τά.
808 1635 875 1671 μέν
901 1621 1006 1659 ἄλλα
1032 1622 1176 1660 πολΛΜν
1197 1619 1330 1660 §vedav
1353 1635 1420 1661 Tm!
1438 1634 1577 1661 evroldi!
1600 1625 1691 1674 ’1ροῖ

429 1672 495 1723 ἐμὲ
506 1703 516 1721 ,
533 1688 597 1712 nou
613 1675 723 1724 τιμὴν
738 1675 778 1714 ἐκ.
792 1674 856 1713 τοῦ
866 1675 1190 1727 συγγράμματος.
1211 1674 1282 1714 Sed
1298 1675 1390 1714 haec
1403 1673 1691 1716 formofiffimae

431 1725 472 1766 &
493 1727 820 1779 praestantiffimae
841 1726 1002 1767 feminae
1024 1728 1141 1767 verba
1167 1729 1261 1768 levis
1278 1728 1432 1781 quidam
1455 1741 1602 1768 naevus
1624 1730 1690 1770 de·

428 1782 618 1831 pravavit.
647 1782 783 1835 Neque
804 1782 903 1821 enim
929 1795 1010 1828 σοι,
1030 1781 1089 1821 sed
1111 1796 1177 1820 σου
1197 1781 1397 1834 legendum
1415 1793 1531 1834 puto;
1552 1795 1689 1835 quam-

426 1847 542 1886 quam
553 1848 631 1874 non
648 1836 802 1887 ignoro,
819 1850 874 1874 σοι
891 1835 1079 1875 interdum
1098 1849 1168 1888 pro
1182 1850 1245 1875 σου
1261 1837 1379 1888 ροηί,
1397 1848 1466 1875 nec
1484 1849 1561 1875 non
1569 1835 1686 1899 saepe

426 1889 634 1938 παρέλκειν.
646 1889 727 1929 Nec
743 1890 856 1929 etiam
872 1889 927 1929 σοὶ
943 1889 989 1927 ad
1000 1889 1114 1940 φησὶν
1124 1888 1255 1928 referri
1267 1888 1403 1942 potest,
1417 1888 1478 1929 sed
1489 1890 1533 1928 ad
1546 1889 1687 1930 εὔνοιαν

425 1943 599 1992 pertinet.
617 1942 724 1982 IENs.
739 1943 832 1982 Non
844 1955 946 1996 opus
960 1942 1033 1991 est,
1049 1953 1093 1981 ut
1108 1957 1162 1981 σοι
1180 1943 1218 1981 in
1235 1957 1302 1981 σου
1327 1952 1530 1982 mutemus.
1544 1943 1686 1984 Pendet

425 1995 575 2035 dativus
591 2009 611 2035 a
627 1995 909 2057 praepositione
925 1973 1033 2036 verbi
1048 1995 1193 2036 ἐνεῖέον.
1217 1996 1278 2036 Sic
1293 1996 1424 2035 deinde
1443 2009 1474 2036 c.
1494 2010 1562 2044 12,
1579 1995 1686 2036 οὖὲὲν

423 2050 694 2099 πλημμέλημα
709 2050 826 2102 ἑνορων
837 2063 915 2089 τοις
926 2063 1213 2118 γεγραμμενοις
1225 2049 1288 2088 Sic
1302 2050 1491 2089 Herodot.
1507 2064 1546 2103 9,
1558 2064 1621 2103 37,
1632 2050 1688 2090 οὔ·

423 2115 467 2139 τε
481 2104 567 2140 τινὰ
579 2102 717 2141 ἓειλιην
724 2118 786 2153 μοι
793 2102 982 2166 παριέων,
995 2116 1079 2142 oure
1092 2102 1254 2153 ἀθυμίην·
1267 2102 1306 2142 8(
1321 2116 1353 2143 c.
1359 2103 1420 2155 38,
1433 2102 1517 2142 οὔτε
1528 2103 1686 2154 δειλίην,

424 2170 511 2194 ουτε
530 2154 626 2194 ἄλλο
653 2152 789 2196 0135&st
773 2154 898 2209 α’χαρι
920 2156 1091 2207 παριδών
1113 2171 1183 2196 τοι.
1204 2157 1261 2195 Ita
1282 2156 1421 2196 Noster
1445 2155 1543 2196 sub
1534 2157 1683 2197 initium

422 2209 658 2261 Imaginum,
676 2209 706 2248 εἰ
718 2212 916 2272 μέλλοιμεν
932 2212 1260 2263 παραπεπηγέναι
1277 2224 1342 2249 σοι.
1359 2209 1422 2249 Sic
1443 2211 1564 2250 idem
1556 2224 1593 2249 in
1605 2211 1685 2250 To·

421 2264 505 2301 xari
519 2276 596 2302 non
611 2264 747 2315 procul
760 2264 828 2302 ab
819 2264 954 2310 mitio,
969 2263 1017 2316 (i.
1032 2277 1064 2302 e
1080 2276 1112 2303 c.
1129 2278 1146 2316 3
1162 2263 1225 2302 fin.
1229 2264 1279 2316 )'
1262 2265 1360 2314 ατὰρ
1377 2259 1416 2302 οὗ
1431 2263 1559 2303 ταῦτα
1574 2261 1682 2314 ὑμεῖς

420 2315 574 2368 Ὀρέστῃ
591 2331 654 2356 και
668 2317 825 2356 Πυλάὲη
840 2317 1033 2356 ἐνιδόντες.
1044 2317 1172 2357 GtsN.
1187 2316 1449 2357 Concederem
1463 2316 1600 2364 lensio,
1614 2332 1684 2357 σου

420 2383 494 2423 pro
516 2385 573 2409 σοι
595 2370 799 2423 legenti,s1
824 2370 982 2424 fimplex
1005 2366 1101 2410 eison
1099 2370 1355 2432 sequeretur3
1372 2383 1459 2410 cum
1482 2383 1580 2411 vero
1605 2371 1681 2416 iam

419 2423 599 2485 sequatur
612 2436 701 2463 cum
719 2439 773 2463 σοι
797 2425 1029 2477 iungendum
1045 2423 1192 2471 ἑνειὲον,
1207 2424 1299 2463 nihil
1313 2425 1446 2473 video,
1467 2425 1574 2485 quod
1593 2426 1681 2476 quis

417 2479 556 2521 merito
569 2479 606 2516 in
620 2478 776 2530 vulgata
791 2478 1054 2530 reprehendat:
1069 2478 1136 2518 etsi
1156 2478 1254 2518 enim
1272 2477 1420 2531 Obsop.
1437 2478 1570 2526 vertit,
1583 2489 1677 2518 tuam

418 2545 496 2584 erga
510 2547 558 2571 me
570 2532 827 2573 benevolentiam
833 2531 986 2587 perspexi
998 2563 1009 2581 ‚
1023 2532 1116 2587 quid
1129 2531 1255 2572 obstat
1261 2561 1276 2580 ,
1291 2544 1371 2586 quo
1387 2532 1513 2572 minus
1524 2530 1566 2571 &
1577 2531 1678 2573 Lati-
