1764 3419
449 252 540 317 3&
643 251 1517 301 ANNOTATIONES

445 343 534 391 effe,
547 356 568 383 a
582 344 773 389 συνειλέω,
786 356 864 383 non
877 343 1164 393 συνειλημμένον
1178 355 1199 382 a
1220 343 1496 393 συλλαμβάνω,
1510 342 1585 395 ipsa
1599 341 1718 387 seriei

447 399 634 437 orationis
647 399 805 436 indicat:
834 397 871 436 Sc
887 399 937 435 ita
952 398 1102 436 dederat
1115 397 1256 443 Aldus,
1276 410 1297 435 a
1315 410 1397 449 quo
1414 396 1538 437 nescio
1552 411 1623 437 cur
1637 397 1710 437 dis-

447 451 587 492 cessum
601 451 656 489 fit.
667 451 879 502 Imaginare
895 450 1094 496 volumen,
1107 451 1259 502 proprie
1272 451 1320 488 ita
1336 451 1494 496 dictum,
1508 451 1614 491 cuius
1624 463 1711 503 pars

446 506 608 545 evoluta
622 505 663 542 sit
678 506 773 542 inter
784 504 998 555 legendum,
1013 503 1087 548 sed,
1103 516 1150 542 ne
1165 504 1323 556 pendeat
1340 503 1379 542 &
1396 503 1568 550 fluauet,
1581 505 1711 544 denuo

445 558 685 604 convoluta;
710 557 825 596 altera
849 557 971 595 adhuc
991 557 1173 596 umbilico
1192 556 1261 596 suo
1277 556 1300 595 s.
1320 557 1496 607 cylindro
1518 557 1710 598 involuta.
1755 597 1759 600 .

449 612 566 651 Erant
590 611 718 662 itaque
733 612 813 648 duo
829 609 935 661 quasi
953 610 1151 648 volumina
1165 610 1404 650 cohaerentia
1419 609 1494 662 ipsa
1509 612 1715 651 continuas-
1762 647 1764 654 .

446 666 554 703 tione
568 665 730 708 chartae,
747 664 812 701 illo
828 662 906 715 ipso
917 675 1055 716 nempe
1067 663 1171 707 loco,
1185 664 1222 702 in
1238 676 1318 715 quo
1333 663 1493 714 legendo
1503 665 1574 703 iam
1589 676 1710 704 occu-

451 719 529 769 pati
550 717 635 755 sunt
647 717 759 756 oculi.
788 717 876 755 Hoc
897 718 967 755 crit
990 717 1129 762 βιβλίον
1143 717 1192 756 εἰς
1205 716 1271 756 ho
1287 718 1557 766 συνειλημένον.
1580 717 1713 758 GESN.

453 771 553 810 Eieci
566 783 724 821 unump.
731 770 846 809 .Nam
861 772 1091 822 geminatum
1101 781 1180 809 erat
1193 783 1230 809 ιη
1241 770 1411 823 plurimis
1421 771 1503 810 edd.
1515 771 1711 811 Aliaenim

453 837 514 863 res
525 823 636 871 effer,
657 824 684 862 si
698 837 718 862 a
693 786 914 872 ‘cananaeum
926 823 1132 863 formatum
1145 824 1270 872 foret,
1291 823 1396 875 quod
1417 823 1635 874 εἰλημμένον
1657 824 1713 863 fa-

449 878 523 925 cit;
548 889 589 916 ut
605 891 663 930 ap.
679 877 807 917 LXX
800 890 836 915 m
853 876 945 916 Esai.
965 877 1041 925 XI,
1062 892 1097 928 5,
1111 878 1151 916 δι
1168 878 1379 917 Herodian.
1394 874 1446 922 11,
1458 892 1480 916 2
1496 876 1520 916 f.
1548 878 1601 916 At
1622 879 1712 930 quia

449 932 503 970 est
530 932 577 969 ab
601 931 723 977 εἱὶέω,
743 931 867 980 zolvo,
885 931 980 971 bene
992 931 1146 983 monuit
1161 930 1346 977 Solanus,
1368 931 1528 971 alterum
1545 946 1578 981 μ
1596 932 1715 972 omit-

453 986 622 1024 tendum
646 985 794 1024 Rmrz.

508 1039 781 1094 Pag.12.l.2.
810 1033 933 1090 Αὖτο)
952 1037 1013 1078 Sic
1038 1039 1093 1078 FI.
1111 1037 1218 1091 quod
1243 1038 1411 1090 probum
1435 1036 1501 1076 est.
1525 1037 1714 1090 Reliquae
1762 1067 1764 1070 ι

449 1105 587 1131 omnes
599 1087 715 1140 αυτῷ,
726 1093 830 1144 quod
843 1091 930 1130 ferri
943 1092 1096 1144 quidem
1108 1093 1239 1145 aliquo
1249 1092 1369 1131 modo
1381 1102 1555 1145 poterat,
1567 1090 1629 1132 sed
1643 1092 1716 1132 mi·
1762 1112 1764 1147 ἕ

452 1158 526 1185 nus
539 1160 564 1183 v
557 1145 741 1185 enuflurn
754 1144 818 1185 est.
835 1145 991 1185 SOLAN.

507 1198 604 1238 ibid.
609 1198 750 1251 Ομίιρου
765 1199 962 1252 ἐλέφαντι)
981 1200 1142 1240 Homer.
1154 1197 1230 1238 Od.
1244 1205 1300 1246 Σ,
1320 1211 1401 1251 195.
1423 1198 1581 1238 SOLAN.

506 1255 578 1292 ead.
595 1254 618 1293 l.
636 1267 694 1292 12.
711 1253 760 1292 Nn
778 1253 854 1291 Δία
867 1268 930 1291 και
945 1252 1208 1305 στρατιώταις)
1224 1252 1323 1292 Puto
1342 1253 1436 1292 haec
1448 1252 1565 1292 verba
1577 1251 1640 1304 Ly
1641 1251 1717 1293 cini

452 1305 542 1353 effe,
555 1306 789 1359 adiungentis
803 1307 942 1358 aliquid
953 1307 998 1345 ad
1011 1319 1069 1353 ea,
1079 1319 1179 1359 quae
1193 1305 1302 1359 supra
1315 1306 1472 1354 dixerat,
1485 1306 1551 1346 ubi
1564 1306 1656 1345 nihil
1669 1306 1716 1347 de

454 1361 649 1400 militibus.
678 1361 798 1400 Porro
820 1359 945 1400 nescio
958 1391 969 1409 ,
990 1373 1104 1412 quam
1119 1360 1300 1399 decorum
1319 1360 1409 1399 illud
1428 1359 1490 1408 fit,
1513 1359 1618 1411 quod
1632 1359 1716 1412 Ly-

453 1416 562 1453 cinus
576 1445 589 1460 ,
609 1414 690 1454 h.e.
713 1414 908 1453 Lucianus
931 1414 1088 1461 auftor,
1115 1414 1174 1453 hic
1189 1414 1342 1452 demum
1365 1414 1412 1453 de
1427 1414 1585 1453 nomine
1599 1413 1717 1453 inter-

453 1481 586 1519 rogat,
605 1481 692 1507 cum
713 1469 785 1506 iam
807 1468 922 1506 audiit
944 1466 1215 1518 Smyrnensem
1239 1466 1336 1514 effe,
1355 1480 1444 1506 cum
1465 1465 1630 1506 Caesare
1653 1467 1719 1506 vi-

452 1534 559 1560 vere.
575 1521 703 1561 GESN.
718 1520 990 1560 Coniefluram
1003 1520 1177 1566 Gesneri‚
1187 1521 1304 1560 verba
1316 1519 1354 1559 νὴ
1370 1520 1447 1559 Aia
1458 1520 1522 1559 καὶ
1533 1521 1720 1572 στρατιώ-

453 1590 528 1614 τας
539 1578 646 1614 τινὰς
659 1575 798 1626 Lycini
812 1574 884 1614 effe
902 1575 1082 1627 putantis,
1094 1573 1220 1614 firmat
1235 1573 1305 1613 Ms.
1322 1573 1418 1626 Reg.
1437 1586 1507 1626 301
1519 1588 1552 1612 1.
1578 1574 1616 1613 in
1633 1587 1718 1626 quo

453 1628 549 1668 haec
565 1630 614 1667 ita
638 1629 834 1681 leguntur:
862 1633 965 1668 ΛΤΚ.
984 1628 1035 1668 Νὴ
1048 1628 1126 1668 Δία,
1142 1650 1187 1658 -·
1199 1628 1321 1668 τινάς.
1340 1631 1451 1667 ΠΟΛ.
1473 1627 1544 1668 Τὴν
1562 1627 1725 1674 βασιλεῖ

447 1681 634 1722 συνοῦσαν
657 1683 732 1723 &c-

507 1737 586 1775 ibid.
602 1736 778 1790 Βασιλεῖ)
789 1736 831 1775 L.
841 1736 966 1784 Vero,
982 1736 1048 1789 qui
1061 1735 1106 1775 ad
1117 1735 1330 1776 Parthicum
1347 1734 1489 1775 bellum
1503 1733 1720 1789 profectus

450 1791 672 1843 perfttzffllas
688 1791 841 1829 civitates
855 1791 924 1842 As
922 1806 976 1836 ae
989 1791 1234 1842 Pamphyliae,
1251 1790 1447 1842 ciliciaeque
1466 1789 1637 1836 clariores,
1651 1805 1715 1829 vo-

455 1824 641 1896 luptatibus
660 1845 912 1889 immorabatur,
925 1843 1015 1884 teste
1023 1843 1108 1896 Cap
1111 1844 1248 1883 itolino
1262 1843 1332 1882 VI.
1357 1843 1480 1882 Fertur
1487 1855 1657 1896 praeterea
1667 1846 1719 1883 ad

453 1897 584 1937 amicae
597 1899 748 1951 vulgaris
760 1898 957 1937 arh‘itrium
945 1913 980 1936 ιη
992 1901 1020 1937 S
1016 1913 1098 1951 yrta
1104 1897 1252 1950 posulffi‘
1260 1898 1410 1943 barbam,
1425 1909 1457 1937 c.
1471 1895 1577 1936 Vssl.
1587 1895 1718 1949 Quod

455 1964 503 1989 an
521 1952 567 1991 de
581 1952 651 1992 hac
665 1952 950 2005 intelligendum
967 1951 1037 1998 fit,
1057 1952 1203 1991 dubito.
1228 1950 1367 1990 Fuit&
1379 1950 1720 1992 Anton.Pioce1e-

455 2004 531 2043 bris
543 2006 773 2052 concubina
786 2005 1398 2044 cuiustamennomenintercidit.
1414 2003 1718 2057 (IdemCapitol.

454 2058 492 2096 in
502 2059 648 2098 Aaron.
664 2059 730 2099 Pio
744 2073 775 2099 c.
790 2059 896 2098 Vlll
902 2062 919 2108 )
939 2059 1035 2098 Sed
1028 2059 1249 2098 iuniortum
1265 2059 1477 2104 Lucianus,
1494 2057 1524 2097 s1
1543 2058 1615 2098 rite
1639 2070 1718 2111 ego

453 2112 669 2151 calculum
663 2126 774 2161 ineo,
789 2126 903 2165 quam
922 2126 963 2151 ut
977 2114 1022 2152 de
1033 2125 1078 2152 ea
1094 2127 1134 2152 re
1149 2124 1224 2151 tam
1245 2111 1335 2151 {cite
1356 2110 1517 2151 scribere
1529 2114 1719 2178 potuerit.

455 2164 630 2204 Eiusdem
644 2178 796 2205 amores
808 2178 930 2219 tancrit
951 2166 1140 2206 Iulianus
1133 2179 1170 2205 tn
1183 2165 1429 2212 Caesaribus,
1429 2176 1535 2205 cum
1551 2166 1622 2214 ait,
1641 2165 1718 2206 σώ-

455 2232 560 2269 φρων,
573 2235 611 2258 ου
626 2221 682 2259 τὰ.
694 2220 746 2259 εἰς
759 2220 1020 2271 Ἀφροὸιτην,’
1004 2222 1110 2259 αλλὰ
1120 2235 1174 2259 τιι
1187 2219 1237 2258 εἰς
1249 2234 1317 2259 την
1330 2218 1540 2259 πολιτείαν.
1554 2218 1714 2261 SOLAN.

454 2272 614 2312 Βασιλεῖ
631 2272 838 2327 συνοῦσαν)
858 2274 1062 2313 Pantheam
1080 2274 1186 2312 Veri.
1210 2273 1285 2313 Hic
1307 2272 1549 2314 adulatorum
1572 2272 1716 2314 derisor

454 2325 644 2366 Lucianus
668 2340 803 2367 omnes
826 2328 1040 2367 adulatores
1057 2328 1268 2367 vincit.1.A
1283 2325 1444 2366 Cnozt.

508 2383 579 2419 ead.
593 2382 616 2419 l.
646 2383 704 2421 16.
728 2381 780 2419 Tn
794 2380 859 2420 τοῦ
874 2382 936 2426 'AB
938 2381 1126 2434 ραὸάτου)
1139 2379 1190 2430 Ti
1205 2380 1377 2420 maresia.
1397 2380 1566 2421 GUYET.
1592 2381 1716 2419 PAN-

458 2445 579 2472 THEA
603 2447 697 2487 ergo
714 2435 924 2482 dicebatur,
946 2436 1053 2487 (vide
1071 2421 1249 2487 Xenoph.
1264 2433 1419 2487 Cyrop
1433 2433 1714 2495 v‚v1,V113)

454 2487 533 2526 Nis1
548 2487 672 2527 forsan
687 2501 707 2527 a
723 2489 894 2529 Luciano
913 2489 1045 2529 fictum
1064 2489 1138 2528 hoc
1153 2487 1494 2535 existimaremalis‚
1511 2499 1593 2548 quo
1612 2487 1718 2528 invi·

452 2542 573 2592 diam,
597 2554 717 2596 quarn
731 2543 773 2584 L.
790 2544 901 2585 Vero
919 2556 968 2584 ex
991 2542 1264 2597 intempestivis
1287 2542 1425 2583 deliciis
1444 2541 1536 2582 oriri
1554 2539 1720 2600 sciebat4
1758 2566 1764 2591 1
