1764 3419
302 242 374 289 IN
408 240 648 290 LUCIUM
679 239 818 289 SIVE
850 241 1111 289 ASINUM.
1230 246 1320 311 483

59 329 193 372 versu.
214 330 275 372 Sic
297 330 415 385 ληρεῖς
434 330 549 386 ἔχων,
567 333 607 372 &
626 331 755 371 similia
767 331 884 371 multa
896 360 907 379 ‚
932 331 1077 383 profert
1089 333 1266 374 Maittair.
1280 338 1325 376 de

68 383 230 424 Diale&
246 400 284 438 p.
303 389 353 436 76
375 387 417 426 &
428 397 478 438 79
498 386 544 426 C.
564 387 673 425 Adde
686 385 867 424 Nostrum
883 385 1043 424 lcarom.
1058 398 1090 425 c.
1109 401 1157 434 24
1171 401 1220 426 m.
1235 390 1325 427 ora(-

69 439 144 489 ξεις
157 438 255 492 ἔχων
270 437 338 489 ἔφη
352 439 425 479 &c.
438 439 517 479 Ubi
532 450 658 478 tamen
672 451 759 478 cum
773 439 857 479 Par.
871 437 958 478 ἑκὼν
972 439 1106 478 habeat
1122 453 1194 493 pro
1206 442 1324 494 ἔχων,

66 492 144 531 hoc
159 492 392 544 inquiremus
404 493 545 532 denuo.
565 493 703 532 Rmz.

123 549 194 584 ead.
204 546 226 584 l.
236 559 249 584 1
258 540 443 598 6.”Αρτον)
456 546 554 599 Lege
565 545 693 599 ἄρτων.
701 545 865 586 GUYET.
877 545 996 585 Recte
1007 545 1163 599 corrigit
1175 546 1324 598 Guyet.

68 597 117 638 Et
129 599 192 638 vel
212 598 262 638 sic
280 598 429 638 ederem
454 600 582 638 invitis
604 600 684 639 edd.
701 612 798 651 quae
813 598 921 649 ἄρτον
943 600 1041 639 miro
1064 600 1246 640 consensu
1262 602 1326 640 ha-

67 651 172 690 bent.
184 651 282 690 Nam
296 650 361 691 etsi
378 652 571 705 vulgatam
589 652 789 692 leEtionem
807 653 858 691 ita
875 653 1128 692 construendo
1149 653 1325 694 defende-

71 716 116 744 re
128 703 342 757 poffumus‚
361 702 486 745 {icem
505 707 615 759 ἄρτον
632 705 731 760 (scil.
744 706 852 759 τινὰ)
867 704 940 745 τῶν
957 705 1070 755 ἔνθον,
1085 710 1206 746 comedi
1220 723 1324 748 unum

68 773 113 796 ex
128 759 289 810 panibus,
303 758 360 812 qui
375 759 466 797 intus
478 772 591 808 erant,
609 759 741 798 melius
755 770 880 798 tamen
898 760 1065 811 procedit
1081 761 1256 813 pluralis,
1272 763 1325 802 ob

68 811 215 850 articul.
232 811 320 857 τῶν,
339 812 379 851 &
394 812 600 852 Genitivus
612 811 810 852 Atticismo
824 815 962 865 aptior.
974 814 1060 852 Vid.
1076 814 1149 853 Th.
1162 817 1265 868 Mag.
1283 816 1324 856 δε

67 863 194 904 Moer.
214 879 252 904 v.
266 867 398 920 φάγω.
413 866 558 905 Κειτῑ.

123 918 213 971 Pag.
228 932 312 971 155.
329 923 353 958 l.
371 932 385 957 1
397 933 430 971 3.
444 922 579 959 Πάντα
599 918 731 972 ἔκλᾳε)
746 919 793 958 Et
811 918 862 959 fic
883 918 1007 971 legere
1026 921 1079 958 Fl.
1100 922 1196 960 bene
1216 932 1326 963 notat

68 970 196 1010 Solan.
212 972 282 1011 Sed
297 973 337 1011 &
357 972 496 1024 legitur
510 974 550 1012 in
570 974 597 1012 I.
619 973 664 1011 P.
682 973 736 1011 H.
753 972 826 1012 &c.
847 974 887 1012 δι
902 974 1023 1021 reae,
1041 984 1155 1026 atque
1175 975 1326 1028 elegan-

67 1034 140 1073 ter,
155 1038 225 1078 pro
239 1027 344 1065 now&
359 1028 494 1065 πάντα
505 1056 517 1072 ,
529 1040 685 1079 perpetuo
696 1057 707 1072 ,
723 1027 745 1064 i.
765 1039 796 1065 e.
812 1027 900 1065 nihil
915 1027 1010 1065 aliud
1025 1042 1124 1080 quam
1132 1030 1240 1079 flebat
1249 1045 1266 1077 ,-
1282 1043 1323 1069 ut

66 1091 162 1117 mox
176 1108 190 1124 ,
204 1079 338 1118 ’πάντα
349 1081 665 1121 καταπίπτοντα.
682 1079 793 1119 Plura
809 1081 883 1119 iam
900 1091 1082 1119 notarunt
1096 1082 1324 1136 Lexicogra-

68 1131 148 1185 phi.
168 1133 276 1172 Adde
298 1133 506 1172 Herodian.
519 1134 629 1180 v‚8‚
646 1134 668 1172 8
681 1164 692 1181 ‚
713 1132 787 1172 ἕιτε
805 1155 848 1163 -
865 1132 1015 1183 ἀδελφὴ
1040 1139 1237 1188 γενομένη,
1261 1138 1325 1176 καὶ

67 1187 126 1224 τὰ
141 1185 275 1226 πάντα
295 1186 359 1225 σὺν
372 1181 470 1237 αὐτῇ
486 1187 520 1227 ἐν
534 1187 614 1227 τοῖς
626 1186 833 1233 βασιλείοις
844 1186 1110 1236 ὃιοιτρίψοισοσ,
1125 1190 1148 1228 i.
1160 1201 1191 1228 e.
1205 1204 1324 1244 perpe-

65 1250 125 1277 tuo
140 1253 213 1278 cum
227 1240 287 1277 illa
304 1240 447 1291 versata.
465 1241 648 1280 Nostrum
664 1239 759 1279 infra
775 1253 806 1280 c.
830 1253 871 1292 51
889 1253 938 1279 m.
960 1240 1168 1281 maslaum
1189 1245 1322 1282 πάντα,

64 1293 200 1340 καλὴν,
217 1293 333 1346 paulo
351 1294 419 1332 alia
431 1294 610 1342 notione,
627 1292 744 1346 ellipfi
767 1303 893 1332 tamen
908 1294 1054 1333 eadem.
1071 1294 1130 1333 Ita
1152 1294 1231 1336 fere
1247 1312 1323 1346 μοι-

65 1348 136 1398 κρὲι
150 1345 278 1395 κλᾴειν
294 1346 485 1400 Aristoph.
499 1347 592 1387 Plut.
605 1349 679 1388 612
692 1377 706 1394 ‚
719 1347 760 1386 δι
774 1347 834 1385 alii
851 1346 993 1400 paffim.
1007 1346 1078 1386 Sed
1091 1349 1132 1388 &
1146 1347 1255 1399 ἔκλᾳε
1269 1350 1321 1389 sic

64 1400 166 1451 apud
183 1400 335 1440 Lucian.
349 1401 422 1454 legi
437 1403 587 1441 notavit
598 1401 727 1442 Solan.
741 1413 829 1440 cum
843 1412 968 1440 tamen
984 1414 1077 1440 mox
1091 1403 1325 1452 συνέκλαιον,

63 1464 144 1492 non
161 1455 377 1502 συνέκλοιον.
393 1455 448 1494 At
461 1467 549 1495 cum
564 1466 771 1508 utrumque
784 1455 950 1501 reditum,
966 1454 1056 1493 nihil
1074 1454 1139 1495 ista
1158 1458 1323 1498 varietas

64 1519 128 1546 me
139 1519 284 1548 movet.
298 1508 428 1547 Malim
442 1520 568 1548 tamen
582 1510 769 1548 interdum
781 1507 908 1548 ἔκλαιε
919 1538 929 1554 ,
945 1520 1061 1560 quam
1075 1507 1189 1548 ἔκλαιε
1199 1539 1210 1557 ,
1234 1509 1323 1550 scri-

65 1559 157 1600 here
169 1592 180 1609 ,
196 1561 468 1615 perspicuitatis
480 1575 588 1616 ergo,
604 1575 652 1602 ne
663 1563 874 1601 incidamus
889 1562 924 1600 in
940 1562 1176 1614 ambiguum,
1191 1575 1322 1604 utrum

65 1613 112 1652 fit
130 1627 149 1654 a
172 1617 277 1654 κλίιω
295 1615 443 1668 frango,
461 1630 481 1656 a
499 1629 581 1669 quo
601 1617 660 1656 hic
681 1616 832 1669 quidem
857 1616 945 1654 nihil
962 1611 1144 1668 periculi,
1164 1618 1253 1669 quia
1272 1617 1325 1658 se-

64 1669 220 1719 quentia
236 1669 322 1709 satis
343 1671 533 1724 aperiunt,
550 1670 662 1723 quale
682 1670 846 1709 verbum
860 1669 994 1709 auster
1014 1669 1194 1709 voluerit.
1211 1672 1321 1711 Alio-

63 1722 134 1774 qui
156 1722 193 1761 in
209 1722 277 1762 illo
291 1722 370 1763 iota
388 1722 618 1776 subscripto,
634 1724 738 1777 quod
760 1721 870 1763 facile
883 1723 930 1761 ab
948 1723 1161 1776 typothetis
1178 1726 1320 1764 omitti·

62 1785 143 1822 tur,
156 1787 236 1816 non
255 1775 339 1816 satis
353 1776 406 1817 est
421 1777 616 1830 praesidii,
632 1777 754 1817 veluti
773 1790 834 1830 ap.
857 1774 979 1830 Long.
1000 1776 1176 1824 Past.1v,
1193 1792 1227 1830 p.
1248 1791 1261 1816 1
1274 1793 1321 1818 10

63 1829 123 1868 ed.
142 1829 290 1879 Mollii‚
305 1832 503 1878 omittitur,
523 1832 747 1884 editumque
759 1860 771 1876 ‚
785 1830 874 1869 ἀλλ’
893 1829 922 1869 οἱ
939 1829 1006 1881 μὲν
1020 1831 1243 1881 ττοούμενοι
1257 1836 1319 1872 τὶν

59 1882 260 1923 semim
284 1882 553 1938 {undamquafi
576 1898 656 1925 aor.
680 1899 701 1923 2
723 1884 833 1930 effet,
858 1885 965 1936 quod
984 1884 1169 1935 legentem
1191 1897 1321 1926 tamen

63 1935 231 1984 falleret,
247 1937 286 1976 ni
301 1937 421 1977 statim
437 1940 477 1978 δι
497 1939 546 1978 ibi
558 1937 776 1992 sequeretur
789 1936 978 1978 ἔκλαυσεν.
994 1937 1138 1978 Rmz.

121 1990 213 2041 Pag.
230 1992 315 2044 156.
329 1993 352 2031 l.
369 2005 426 2041 17.
443 1992 581 2032 Πάντα
592 1992 919 2038 καταπίπτοντα)
938 1993 1000 2030 An
1016 1992 1167 2041 mitur-313
1186 1991 1321 2031 adscri-

63 2042 138 2096 psit
153 2043 351 2096 Guyetus.
368 2046 495 2092 Bene,
513 2045 541 2085 si
556 2047 640 2085 libri
657 2045 886 2085 addicerent.
903 2044 981 2083 lam
996 2057 1113 2092 vero,
1135 2047 1223 2084 dum
1240 2058 1320 2085 non

65 2097 263 2146 addicunt,
283 2098 324 2138 δι
337 2099 448 2152 supra
467 2100 580 2139 etiam
594 2100 668 2139 hoc
683 2111 762 2150 cap.
775 2098 1020 2138 habuerimus
1033 2098 1168 2138 πάντα
1183 2099 1296 2150 ἔκλᾳε
1306 2130 1321 2147 ,

65 2151 134 2190 ubi
148 2151 223 2191 vid.
237 2165 337 2205 quae
351 2163 447 2193 noto
459 2184 470 2201 ‚
484 2153 575 2192 nihil
587 2164 708 2193 muto.
720 2152 865 2192 Rmrz.

53 2216 55 2218 ’
120 2206 210 2258 Pag.
227 2218 310 2257 157.
323 2206 347 2246 l.
363 2221 397 2259 3.
408 2205 473 2248 Ὡς
485 2207 687 2261 ἀλλοτρίῳ)
703 2206 846 2246 Alludit
855 2234 868 2253 ‚
884 2205 922 2245 ni
939 2204 1062 2252 fallor,
1078 2205 1123 2245 ad
1138 2205 1319 2246 Homeri-

66 2270 155 2298 cum
170 2259 262 2298 illud
277 2270 286 2296 :
304 2258 519 2310 Γνάθμοιο-ιν
534 2257 582 2299 ὦς
598 2260 857 2312 ἀλλοτρίοισιν.
869 2259 1052 2312 Thucyd.
1067 2259 1103 2308 1,
1115 2272 1167 2310 70
1180 2258 1224 2298 B.
1239 2259 1320 2299 τοῖς

57 2311 133 2362 ’μὲν
149 2313 321 2362 σώμασιν
335 2313 654 2367 ἀλλοτριωτάτοις
667 2312 757 2365 ὑπὲξ
769 2312 836 2355 τῆς
848 2313 990 2353 ’πόλεως
1004 2312 1188 2366 χρῶνται.
1201 2312 1318 2365 Greg.

65 2365 162 2405 Naz.
177 2368 355 2420 Martyres
367 2368 479 2407 onmia
490 2368 645 2407 alacriter
651 2366 814 2421 perpaeffivs
826 2367 907 2420 ff,
922 2368 972 2406 ait
984 2398 995 2414 ,
1013 2365 1137 2416 ὥσπερ
1154 2366 1189 2406 ἐν
1204 2367 1320 2405 ἀλλο·

62 2419 180 2471 ’τρίοις
195 2420 459 2474 ἀγωνιζόμενοι
473 2421 654 2472 σώμασιν.
670 2435 706 2473 p.
719 2434 768 2470 41
786 2421 844 2461 ed.
857 2420 938 2461 Bas.
953 2421 1030 2460 BC.
1047 2421 1204 2460 SOLAN.

55 2486 57 2488 ·
114 2475 192 2513 ead.
211 2476 234 2513 l.
254 2489 289 2523 4.
305 2477 376 2526 Γᾶς
388 2473 458 2514 τοῦ
469 2476 638 2514 θανάτου
649 2475 666 2527 )
677 2473 738 2514 Sic
749 2486 825 2525 ego
838 2487 886 2514 ex
901 2475 1124 2514 comeciam
1137 2503 1147 2519 ,
1163 2482 1235 2525 pro
1250 2473 1319 2522 Σὲ,

56 2527 170 2579 quod
183 2529 222 2567 in
234 2529 412 2571 omnibus
426 2540 516 2569 erat.
536 2528 692 2573 Sol-AN.
707 2528 748 2568 ‘O
761 2527 824 2585 ἓὲ)
840 2528 1011 2623 Solariiiisl
1022 2529 1103 2581 γὰρ
1118 2526 1181 2567 edi
1194 2525 1322 2580 iuffiv,

1011 2593 1027 2620 1
1053 2593 1077 2620 2
