1764 3419
424 247 511 311 582
614 241 1486 291 ANNOTATIONES

414 348 542 388 garam
568 336 819 383 mutavimus,
844 348 892 375 ex
913 345 990 387 qua
1013 331 1157 373 sensum
1189 332 1288 373 haud
1315 331 1516 373 absurdum
1543 333 1670 375 elicuit

417 389 621 431 Gesnerus.

471 447 546 483 ead.
560 445 585 482 l.
602 456 659 491 14.
671 444 728 480 Τὰ
742 440 898 492 πιναρὰ)
911 439 1127 491 Legendum
1141 438 1293 477 videtur
1314 437 1395 478 ὂτέι
1407 438 1521 489 ῥάκια
1540 441 1593 479 τέι
1607 455 1673 481 m·

418 498 514 547 ναρὲι
527 495 785 545 ἠμφιεσμένος,
798 505 862 532 aut
875 493 990 532 fimile
1004 493 1106 545 quid.
1121 492 1289 532 GUYET.
1302 492 1426 532 Immo
1439 493 1552 531 intelli
1583 494 1674 541 itur,

418 562 463 589 ut
475 550 569 588 bene
583 560 714 587 monet
727 545 881 586 Gesner.
894 546 1073 598 Exempla
1086 546 1218 585 dedere
1239 544 1332 584 lens.
1344 546 1482 597 aliique
1495 547 1538 584 ad
1553 560 1561 584 ι
1597 558 1671 585 ort.

418 601 521 641 Dial.
535 602 583 647 X,
600 601 615 649 §
630 616 666 648 4.
682 599 796 640 conf.
816 599 901 639 infr.
914 600 976 639 Bis
992 601 1082 639 Acc.
1095 612 1126 639 c.
1146 598 1232 647 145
1248 599 1314 637 τὴν
1330 600 1510 652 σύριγγα.
1526 599 1670 640 Rmrz.

471 655 602 692 ibam
616 652 804 705 τρύβλιον)
819 653 925 705 Quia
941 653 980 692 δι
995 653 1110 705 paulo
1123 651 1246 702 supra,
1260 652 1300 692 &
1314 651 1400 691 infr.
1414 666 1445 692 c.
1463 667 1524 704 29,
1535 653 1573 692 δι
1586 653 1674 692 alibi

419 707 496 746 hoc
509 718 663 746 accentu
684 709 719 745 in
734 708 814 746 edd.
837 707 990 745 Luciani
1003 718 1199 746 exaratum
1223 707 1376 744 invenio
1388 735 1399 752 ‚
1417 706 1468 744 ita
1484 707 1674 758 relinquo.

420 760 554 799 Malim
577 771 704 799 tamen
724 760 895 811 τρυβλίον
910 772 998 798 cum
1016 759 1124 811 Iung.
1141 760 1184 798 ad
1200 758 1291 798 Pon.
1306 759 1361 797 Vl
1374 790 1385 806 ‚
1403 758 1526 811 Segm.
1541 759 1602 811 85.
1617 759 1673 800 Ut

419 813 557 858 βιβλίον
575 813 721 866 aliaque
743 813 970 853 diminutiva
996 812 1189 865 trisyllaba
1218 812 1337 851 solent
1364 812 1437 852 effe
1461 824 1674 865 paroxyto·

421 879 481 905 na.
505 867 649 906 Rmrz.

474 922 580 960 ead.l.
599 934 612 958 1
626 916 990 971 ς.Ἀο-μενος)Ροηε
1013 931 1164 958 comma
1191 918 1273 970 post
1296 915 1468 968 οἷο-μενος.
1485 920 1670 960 KUSTER.

420 972 505 1025 Ego
518 974 552 1011 in
568 974 796 1024 περιλείχων
814 974 972 1021 α’σμενος
985 973 1161 1012 mendum
1179 972 1295 1012 latere
1307 984 1414 1025 puto.
1431 972 1589 1013 SOLAN.

475 1027 551 1066 ibid.
565 1025 790 1077 Ἐξελαύνει)
808 1028 915 1066 Curru
927 1030 1036 1065 vet‘lus
1047 1025 1082 1063 in
1096 1026 1267 1078 publicum
1275 1027 1389 1078 prodit
1404 1025 1481 1066 &c.
1495 1026 1600 1065 Male
1616 1025 1671 1066 in-

421 1089 579 1131 terpres.
591 1079 865 1119 Corn-‚Vidit
877 1080 989 1132 igitur
1002 1080 1075 1118 iam
1089 1078 1272 1130 Guyetus
1286 1081 1398 1126 idem,
1413 1080 1516 1129 quod
1526 1079 1672 1120 Graev.

419 1131 478 1170 Ita
499 1132 656 1184 fimplex
678 1132 841 1173 ἐλαύνειν
864 1146 936 1184 pro
950 1133 1140 1184 proficisci,
1152 1133 1331 1184 Thucyd.
1347 1133 1461 1181 VIII,
1474 1145 1556 1185 cap.
1575 1132 1673 1181 108,

422 1185 631 1236 ἀναζεύξας
651 1186 803 1226 {imma
818 1186 879 1226 ἐπὶ
893 1186 980 1225 τοὺς
989 1183 1126 1233 Ἴωνας,
1138 1187 1272 1238 solvens
1289 1188 1437 1238 (navim
1448 1187 1465 1239 )
1474 1187 1674 1240 properabat·

421 1240 457 1278 in
473 1241 613 1278 Ioniam.
626 1240 773 1279 Aelian.
788 1241 837 1279 V.
851 1240 889 1280 H
922 1239 961 1288 I,
982 1254 1023 1292 31
1047 1253 1101 1290 pr.
1115 1239 1207 1279 ὅταν
1221 1240 1270 1279 εἰς
1286 1239 1430 1290 Πέρσας
1447 1240 1580 1288 ἐλαύνῃ
1602 1240 1672 1284 βα-

423 1292 567 1338 σιλεὺς,
584 1308 658 1333 cum
681 1308 737 1331 rex
755 1294 790 1332 in
815 1294 974 1344 Persidem
997 1295 1133 1345 equitat.
1157 1293 1250 1333 Ibid.
1270 1306 1353 1345 cap.
1375 1308 1435 1346 33,
1449 1292 1670 1346 Ἀρταξέρξῃ

422 1345 612 1386 ἐλαύνοντι
626 1346 693 1386 τὴν
710 1346 880 1395 Περσίέα
891 1376 903 1392 ,
916 1347 1105 1387 Artaxerxi
1115 1362 1175 1399 per
1190 1347 1351 1397 Perfidem
1368 1348 1539 1400 equitanti.
1553 1347 1671 1398 Quae

423 1399 653 1438 construffio
669 1412 715 1438 ne
736 1400 800 1437 dm
812 1401 868 1437 ior
893 1400 1078 1445 videatur,
1097 1400 1228 1439 confer
1247 1401 1398 1440 Lucian.
1415 1401 1527 1441 Rhet.
1549 1413 1672 1453 praec.

422 1464 458 1490 c.
473 1466 508 1501 5,
523 1451 649 1504 ἐρήμην
668 1454 809 1491 πολλὴν
826 1453 1047 1492 ἐλάσαντες.
1068 1453 1113 1492 Et
1128 1453 1240 1493 Alex.
1261 1467 1295 1494 c.
1311 1453 1363 1502 46
1378 1453 1402 1493 f.
1417 1453 1488 1508 γιῖν
1505 1456 1573 1506 προ
1593 1451 1669 1507 γῆς

421 1504 653 1544 ἑλαύνεσόαι.
666 1505 761 1544 Item
775 1505 988 1544 ἐπελαύνειν
1001 1520 1070 1556 pro
1085 1509 1264 1546 adventare
1275 1537 1288 1554 ‚
1303 1507 1338 1546 in
1356 1506 1508 1560 Quom.
1524 1507 1616 1546 Hist.
1631 1520 1666 1547 c.

424 1572 458 1608 3.
471 1558 700 1608 ’ἱξελαιῑνειν
714 1572 838 1598 autem
852 1558 977 1598 rursus
996 1559 1071 1600 hoc
1089 1559 1189 1600 Dial.
1209 1573 1242 1600 c.
1268 1574 1330 1613 25,
1347 1560 1554 1614 ἐξελαύνειν
1573 1561 1670 1599 ἀπο-

420 1611 646 1661 βλεπόμενον
663 1635 706 1641 -
721 1627 908 1663 αρχοντοι.
925 1612 1067 1653 REITz.

474 1666 551 1704 ibid.
570 1664 826 1720 ’Υσ-γινοβαφῆ
835 1667 851 1718 )
863 1666 1040 1720 'Tc-ymon
1052 1696 1063 1713 ‚
1081 1666 1230 1718 plantae
1246 1679 1384 1720 genus,
1403 1667 1513 1708 cuius
1535 1666 1668 1708 succus

419 1718 636 1758 violaceum
657 1720 715 1757 vel
736 1732 968 1771 purpureum
990 1721 1099 1759 tradit
1117 1721 1300 1760 colorem.
1320 1720 1461 1774 Qualis
1477 1733 1603 1761 autem
1623 1735 1668 1763 ea

420 1771 486 1817 fit,
516 1784 643 1812 utrum
664 1773 914 1823 hyacinthus,
935 1786 981 1812 an
1003 1774 1239 1821 vaccinium,
1261 1787 1307 1813 an
1330 1787 1495 1821 coccus,
1517 1787 1566 1814 an
1588 1775 1666 1828 gla-

419 1825 515 1865 stum
531 1856 542 1871 ‚
557 1839 633 1865 non
648 1827 829 1866 convenit
844 1827 942 1866 inter
954 1827 1140 1868 anaores.
1153 1827 1269 1872 Sunt,
1289 1829 1356 1880 qui
1375 1829 1521 1874 dicunt,
1542 1823 1667 1882 ῧσγην

420 1878 494 1918 effe
518 1880 705 1931 plantam,
724 1880 763 1918 &
780 1876 945 1934 ὅσγινον,
968 1893 1067 1933 quae
1086 1881 1222 1920 exinde
1242 1879 1308 1930 fit,
1327 1881 1547 1929 tin&uram;
1568 1895 1670 1922 eam-

420 1945 496 1984 que
513 1946 590 1973 non
604 1947 830 1985 purpuream
845 1965 854 1980 ‚
871 1933 929 1973 sed
944 1935 1096 1973 rubram
1113 1934 1204 1974 effe:
1222 1935 1340 1987 magis
1351 1947 1522 1987 congrue
1537 1935 1665 1975 forsan

419 1985 508 2026 huic
531 1987 643 2033 loco;
666 2000 753 2026 nam
777 1986 977 2032 differunt,
1000 1989 1153 2036 opinor,
1164 1988 1257 2027 inter
1272 1988 1307 2027 se
1325 1986 1522 2042 ἁλουργὲς.
1537 1989 1602 2027 καὶ
1622 1992 1666 2030 τὶ

418 2037 680 2091 ὑσγινοβαφές.
698 2041 820 2080 LEED.
835 2041 982 2080 Aelian.
999 2043 1049 2079 V.
1064 2042 1114 2087 Η.
1131 2041 1206 2086 111,
1220 2053 1304 2093 cap.
1318 2055 1342 2093 9
1355 2072 1368 2088 ,
1381 2041 1460 2080 ’Bor’
1473 2039 1601 2082 αὐτοῖς
1619 2042 1666 2082 J&

418 2094 574 2143 τοξόται
602 2094 722 2146 χίλιοι
738 2125 749 2141 ,
775 2093 943 2148 φλόγινα
971 2094 1214 2134 ἐνὲεὲυκότες
1239 2095 1302 2133 καὶ
1323 2093 1369 2134 {aa
1404 2094 1563 2142 ινοβαφιῖ.
1588 2096 1666 2138 Ubi

418 2144 532 2184 Periz
553 2159 598 2185 ex
615 2146 764 2186 Salmas.
781 2147 914 2186 Exere.
928 2147 1016 2186 Plin.
1031 2163 1065 2200 p.
1085 2161 1158 2198 272
1178 2149 1289 2187 docet
1301 2177 1314 2193 ,
1329 2160 1377 2187 co
1394 2161 1499 2187 orem
1512 2148 1664 2202 ὑσγινο-

416 2198 517 2245 βαφῆ
535 2200 698 2239 medium
723 2199 828 2241 fuisse
847 2201 1115 2243 intefcoccum
1132 2201 1171 2241 δι
1191 2214 1400 2254 purpuram
1415 2233 1426 2249 ,
1443 2203 1663 2256 propiorem

417 2261 546 2290 tamen
561 2266 762 2305 purpurae.
778 2254 884 2293 Plura
896 2253 1045 2293 Salmas.
1062 2269 1098 2307 p.
1114 2268 1162 2293 m.
1181 2268 1266 2308 ¹93·
1286 2254 1428 2295 Rurz.

474 2305 561 2358 Pag.
577 2321 595 2358 3
607 2320 619 2344 ι
633 2307 700 2346 1.l.
717 2321 750 2360 3.
765 2307 858 2361 Ἐγὼ
870 2308 938 2356 μὲν
953 2308 1037 2347 iscbv
1051 2307 1250 2360 προσιόντα
1264 2308 1280 2360 )
1293 2309 1357 2348 An
1373 2321 1450 2349 non
1464 2307 1638 2361 προϊόντα
1650 2324 1665 2358 3

418 2357 472 2397 Ut
491 2359 585 2397 insta
606 2359 645 2398 in
660 2360 735 2399 hoc
757 2360 904 2410 libello,
926 2359 1024 2402 ὥστε
1046 2361 1161 2401 ὁπότε-
1185 2364 1370 2414 προΐοιμι,
1390 2362 1420 2402 οἱ
1438 2361 1507 2413 μὲν
1529 2364 1663 2402 πολλοὶ

416 2411 665 2463 προσεκύνουν.
685 2413 829 2454 GRON.

469 2468 542 2504 ead.
560 2466 580 2503 l.
596 2480 631 2517 9.
645 2466 684 2506 Αἱ
698 2466 742 2506 ἑὲ
755 2466 976 2526 ὰπειλοιῖσιν
999 2468 1139 2509 ἀνελεῖν
1153 2467 1295 2522 αὐτὲις)
1315 2469 1406 2508 Non
1421 2468 1661 2522 reprehendo

417 2518 635 2573 vulgatam,
649 2520 686 2564 ια’
701 2512 746 2563 ἑὲ
761 2522 981 2566 ἀπειλουσιν
1003 2523 1140 2568 ἀνελεῖν
1162 2521 1297 2568 αὕτως·
1317 2522 1379 2569 sed
1398 2523 1515 2582 magis
1535 2534 1662 2569 tamen.
