1764 3419
453 263 546 325 436
645 259 1519 309 ANNOTATIONES

451 349 680 386 comedendum
701 348 735 386 δ’
756 348 964 386 deridendum
980 345 1075 383 vobis
1085 344 1240 398 propino.
1264 345 1368 385 Idem
1387 346 1603 399 Maluynus
1622 347 1713 388 debia·

451 402 592 439 bendum
611 401 771 453 legebat.
785 401 958 454 B9URD.

507 457 580 494 ead.
595 455 617 492 l.
635 449 800 505 5.’‘Ev<l“oi¹
819 455 855 492 siv
877 451 892 489 ὅ
915 450 1036 502 Δημ.)
1060 449 1258 502 Perperam
1279 451 1371 492 haec
1389 463 1498 492 antea
1521 454 1716 508 interpun-

452 505 551 546 &ata
568 507 609 546 &
625 507 734 545 versa
748 506 816 545 suo
830 506 946 544 nitori
960 504 1203 544 restituimus.
1218 505 1375 546 SOLAN.

507 563 580 599 ead.
597 561 619 599 l.
634 560 668 597 8.
682 556 748 599 Τήν
762 574 805 598 τε
824 557 970 597 αὔλειον
990 556 1232 608 ἀποκλείειν)
1252 559 1324 598 Hic
1346 571 1526 611 quoque,
1538 570 1582 599 ut
1597 560 1709 609 alibi,

454 613 612 652 absurde
628 623 783 651 vertunt
804 613 927 650 atrium
951 611 1101 658 occludi,
1125 622 1210 650 cum
1238 612 1274 649 in
1292 612 1445 664 dialogo
1466 611 1660 654 Cochlidis
1673 615 1717 656 δι

454 666 687 705 Parthenidis
702 666 802 705 reste
819 675 970 704 vertant
987 663 1052 703 ista
1066 663 1206 703 κτύπος
1219 661 1367 707 ᾖκοὺετο
1383 666 1447 704 καὶ
1462 664 1524 709 βοὴ
1541 666 1605 704 καὶ
1619 664 1637 706 i‘i
1653 666 1718 707 αὔ,

455 729 532 758 λιος
547 716 727 772 ἠράσσετο
739 749 752 764 ,
765 717 942 771 domusque
953 719 1059 756 ianua
1072 718 1212 756 exterior
1228 717 1432 769 effingitur.-
1451 718 1545 757 ficut
1560 719 1714 771 peffim‘e

455 772 501 811 de
514 772 737 824 Gymnasiis
749 785 835 825 cap.
852 787 872 811 2
884 803 896 818 ‚
909 771 945 810 ἐν
960 770 1015 820 τῷ
1032 770 1151 822 αἰθρίῳ
1162 770 1208 820 τῇ
1212 786 1229 810 ς
1242 768 1375 820 αὐλῆς,
1386 772 1544 811 reddidit
1555 773 1720 814 Benedi-

456 825 538 865 &us
566 827 602 865 in
625 827 735 873 atrio,
763 838 851 864 cum
877 824 1111 876 Obsopoeus
1133 825 1344 864 accuratior
1362 826 1397 864 in
1420 826 1521 864 aulae
1537 841 1627 865 area.
1650 826 1721 867 Se..

455 891 598 931 querite
621 880 754 933 pagina
775 880 881 918 vides
901 878 1059 917 minime
1080 879 1176 916 verti
1192 877 1340 918 Graeca
1357 879 1394 917 in
1414 879 1486 919 illis
1506 875 1605 919 ἕωθεν
1624 879 1668 919 δὲ
1684 879 1718 919 οἱ

456 937 667 987 στρατηγοὶ
682 931 870 986 παρῆσαν,
890 945 928 970 ιιι
943 943 1051 970 autem
1065 931 1189 970 diluxit
1199 961 1211 977 ,
1227 932 1345 970 milites
1366 935 1506 971 aderant
1517 961 1528 980 ,
1543 934 1648 985 quod
1663 933 1718 973 fa-

456 985 561 1025 &um
573 988 620 1026 ab
634 986 912 1038 interpretibus,
922 985 1011 1038 quia
1026 985 1240 1024 incredibile
1253 985 1467 1032 videbatur,
1477 987 1718 1040 στρατηγοὺς

457 1040 590 1080 officio
619 1041 795 1079 Heiorum
820 1038 972 1078 functos
988 1068 999 1084 ,
1033 1051 1123 1077 cum
1156 1038 1389 1090 intelligendi
1419 1038 1491 1078 sint
1523 1051 1717 1091 praetores

457 1093 557 1133 haud
571 1095 682 1133 dubie
704 1092 859 1133 accinffl
879 1091 1096 1131 satellitibus
1111 1090 1151 1130 &
1171 1091 1382 1132 lictoribus.
1396 1093 1592 1146 Stupidior
1606 1094 1719 1139 ἀβλε.

456 1148 535 1196 ιψίοι
559 1148 612 1188 est
632 1148 843 1199 interpretis
857 1143 1115 1185 Salmurienfis
1128 1146 1164 1184 in
1180 1146 1313 1196 pagina
1335 1146 1457 1186 vicina
1481 1146 1676 1200 ναύκληρος
1697 1146 1716 1186 ὃ

459 1204 670 1255 Μεγαρικος
694 1200 887 1241 scribentis
910 1200 1131 1250 Chalcidetfis
1151 1200 1343 1245 nauclerus,
1361 1200 1469 1252 quod
1491 1201 1655 1240 omnino
1677 1199 1720 1241 in

457 1254 528 1294 hac
543 1256 707 1295 editione
722 1255 860 1294 mutari
873 1253 1013 1292 debuit.
1026 1252 1171 1292 GRON.

511 1310 590 1358 ibid.
604 1307 781 1361 Αὔλειον)
799 1305 1050 1360 Adscripserat
1064 1306 1226 1346 Solanus
1243 1305 1441 1357 legendum
1455 1305 1598 1355 αὔλιον,
1613 1305 1719 1347 nulla

458 1362 514 1402 ed.
532 1376 654 1415 neque
674 1362 768 1401 Cod.
792 1361 919 1400 addito
932 1390 941 1404 ,
957 1361 1022 1412 qui
1042 1359 1091 1400 sic
1112 1360 1267 1408 habeat,
1282 1359 1342 1398 sed
1361 1361 1442 1399 edd.
1463 1360 1494 1399 I.
1516 1361 1571 1399 fl.
1586 1361 1646 1399 Fr.
1669 1362 1714 1400 Ρ.

458 1416 667 1455 consentire
681 1417 715 1454 in
729 1414 888 1454 αὔλειον.
902 1413 1175 1453 Obsecundavi
1189 1425 1315 1453 tamen
1325 1443 1338 1459 ,
1352 1414 1441 1465 quia
1456 1412 1506 1453 fic
1517 1413 1604 1452 alibi
1618 1414 1718 1466 apud

458 1469 641 1508 Nostrum
660 1467 771 1507 scribi
787 1467 902 1514 solet,
925 1478 968 1506 ut
988 1469 1024 1506 in
1040 1466 1140 1506 Dial.
1164 1468 1320 1506 Meretr.
1347 1467 1420 1506 ΧΠ
1441 1466 1523 1519 post
1538 1468 1633 1507 med.
1647 1467 1716 1506 τῶν

458 1521 585 1562 αὔλιον
602 1517 698 1574 εὗρον
717 1521 1070 1571 ἀποκεκλεισμένην.
1088 1520 1181 1559 Ibid.
1196 1519 1296 1559 Dial.
1309 1520 1384 1559 XV
1401 1519 1481 1572 ipso
1498 1520 1596 1559 med.
1616 1518 1633 1561 ἧ
1653 1519 1720 1559 αἰ]-

458 1587 534 1614 λιος
549 1573 744 1629 ἠράσσετο.
761 1573 878 1627 Θύρσιν
895 1587 1019 1614 autem
1035 1574 1210 1626 intelligi,
1226 1573 1351 1625 priore
1366 1574 1524 1613 Luciani
1537 1574 1720 1613 aliorum-

456 1642 532 1681 que
554 1629 772 1669 testimoniis
793 1629 975 1681 probavit
994 1628 1035 1667 L.
1049 1628 1129 1667 Bos
1144 1629 1188 1667 de
1209 1625 1336 1680 Ellips.
1357 1640 1394 1680 p.
1409 1640 1460 1666 m.
1481 1628 1545 1678 67.
1569 1626 1719 1668 Confer

457 1683 569 1722 eund.
583 1684 619 1722 in
633 1684 733 1722 πύλη
749 1697 784 1736 p.
800 1696 884 1735 139.
901 1682 1045 1721 Rmz.
1170 1700 1171 1703 ¹

511 1738 600 1789 Pag.
616 1751 677 1786 77.
690 1738 712 1775 l;
727 1750 762 1788 9.
776 1734 997 1788 Ἄρμοστὴν)
1012 1735 1093 1775 Cur
1106 1745 1234 1773 utatur
1250 1733 1428 1781 hocloco
1441 1734 1630 1775 Lucianus
1646 1746 1720 1774 vo-

456 1803 500 1829 ce
515 1789 722 1841 ἑιρμοστῆς,
740 1789 890 1829 difficile
905 1789 957 1829 est
977 1790 1109 1828 dicere.
1124 1788 1210 1827 Fuit
1224 1788 1611 1828 Lacedaemoniorum
1627 1801 1718 1839 pro·

455 1845 537 1892 pria
559 1857 602 1884 ea
618 1857 722 1890 vox,
737 1843 778 1882 δι
799 1843 834 1882 id
858 1855 930 1882 nos
954 1843 1064 1883 docet
1080 1841 1281 1881 Diodorus
1306 1842 1347 1883 L.
1372 1841 1466 1888 xul
1483 1842 1542 1881 his
1563 1841 1713 1881 verbis:

454 1895 706 1951 Ἱπποκράτης
720 1895 868 1951 ἦγεμὶον
885 1896 948 1949 (ἓν
963 1896 992 1936 οἱ
1003 1897 1167 1936 Λάκωνες
1182 1893 1371 1947 ἁρμοστὸν
1386 1894 1573 1948 ἐκάλουν.)
1586 1894 1615 1933 Ii
1627 1893 1718 1934 suos

455 1950 666 2003 praefeaos
680 1952 716 1990 in
738 1951 913 2003 regiones
929 1950 994 1989 fibi
1009 1948 1194 1989 subieffls
1214 1949 1434 1994 mittebant,
1454 1948 1495 1988 δι
1512 1947 1713 1999 ἁρμοστὰς

455 2018 522 2044 eos
538 2006 743 2045 vocabant.
759 2005 810 2043 At
833 2003 942 2050 Asta,
959 2004 1004 2042 de
1022 2015 1100 2056 qua
1117 2002 1175 2041 hic
1198 2001 1345 2050 sermo,
1358 2001 1400 2041 δε
1420 2015 1519 2054 quae
1539 2013 1716 2054 tempore

453 2058 614 2098 Luciani
629 2060 668 2099 δι
684 2059 794 2097 huius
806 2056 961 2110 Dialogi
974 2056 1043 2095 sub
1055 2056 1242 2095 Romanis
1255 2066 1337 2094 erat
1347 2086 1359 2102 ‚
1374 2066 1417 2095 ut
1434 2057 1472 2095 in
1490 2055 1572 2108 ipso
1586 2055 1718 2094 Dialo-

454 2125 505 2164 go
527 2123 648 2165 patet,
671 2109 952 2164 proconsularis
965 2122 1044 2150 erat
1065 2110 1287 2163 provincia,
1305 2108 1345 2148 δι
1367 2121 1389 2147 a
1410 2108 1637 2162 proconsule
1654 2120 1715 2148 re·

453 2167 631 2217 gebatur,
650 2166 717 2216 qui
740 2164 896 2205 Graecis
920 2164 1116 2203 dicebatur
1135 2161 1361 2202 ἀνθύπατος.
1375 2162 1588 2202 Tentabam
1612 2162 1714 2203 hunc

453 2220 597 2264 nodum
623 2219 794 2264 solvere,
810 2218 850 2256 δι
865 2218 1034 2257 dicebam
1046 2248 1056 2265 ,
1072 2215 1170 2256 forte
1191 2216 1398 2256 Lucianum
1421 2215 1582 2256 servaffe
1599 2217 1715 2256 deco·

452 2286 538 2312 rum
550 2304 561 2320 ,
576 2273 616 2312 δι
631 2285 719 2312 cum
734 2270 972 2324 Mnesippum
989 2272 1180 2310 Laconem
1198 2269 1457 2309 introduceret
1470 2270 1690 2322 loquentem
1702 2300 1714 2317 ‚

451 2339 539 2366 eum
555 2326 600 2366 de
615 2325 790 2364 industria
804 2337 881 2364 non
901 2325 1033 2364 exaeie
1057 2323 1256 2376 ῥωμαΐζειν
1278 2322 1420 2368 facere,
1435 2323 1477 2368 δι
1499 2336 1577 2362 non
1592 2322 1716 2375 perfe-

450 2379 547 2420 ciam
563 2380 732 2419 notitiam
748 2378 1015 2418 Romanorum
1030 2377 1312 2430 magistratuum
1329 2377 1530 2417 habentem
1551 2374 1715 2417 induxis-

452 2433 498 2472 se.
513 2432 597 2478 Sed,
613 2443 655 2471 ut
665 2445 799 2471 verum
816 2430 949 2478 fatear,
960 2432 995 2470 id
1011 2444 1088 2471 non
1101 2432 1191 2470 mihi
1204 2429 1402 2479 satisfacit;
1420 2443 1505 2469 nam
1519 2430 1637 2469 necin
1653 2439 1715 2468 to-

449 2496 490 2525 ta
510 2486 691 2526 orationis
710 2484 800 2524 serie
821 2486 938 2525 utitur
954 2485 1024 2524 alia
1047 2497 1166 2530 voce,
1185 2497 1285 2537 quae
1306 2482 1575 2527 Laconismum
1597 2483 1714 2523 redo-

448 2540 546 2587 leat,
564 2552 634 2581 nec
652 2538 774 2594 ipsum
795 2551 936 2580 nomen
954 2535 1177 2590 Μνήσιππος
1198 2538 1349 2581 videtur
1365 2537 1438 2581 esse
1451 2537 1636 2587 Laconis,
1650 2535 1712 2577 sed
