1764 3419
276 240 346 286 IN
381 240 592 287 IOVEM
629 231 1092 288 CONFUTATUM.
1141 270 1145 274 -
1229 255 1313 309 505

14 351 24 381 ⁴.
63 326 217 379 ἀκαίρου
236 326 380 368 ταύτης
401 328 629 381 περιεργίας.
650 328 862 368 Videbatur
886 327 1120 366 tolerabilior
1141 326 1320 368 sententia

66 379 164 429 effe,
179 394 294 432 quam
312 382 419 427 dedi,
439 394 540 434 quae
561 393 688 421 tamen
713 383 787 421 hoc
808 381 919 420 haber
941 381 1195 427 incommodi,
1215 384 1320 433 quod

62 434 128 478 vel
151 435 369 486 ponendum
391 434 466 483 est,
486 433 627 485 μακροῦ,
652 436 778 474 Attice
803 434 980 487 scriptum
1001 447 1071 485 pro
1090 436 1256 484 μακρᾶς
1278 447 1320 474 ut

60 486 149 540 post
164 488 312 526 initium
334 488 445 527 huius
461 488 575 527 libelli
595 488 726 542 μάγος
748 489 790 529 &
809 489 970 541 μάχλος
991 488 1201 540 Hipparchi
1220 501 1320 527 uxor

4 575 17 589 ,ι
60 539 217 588 dicitur3
243 541 330 580 licet
353 543 433 580 eius
457 542 510 580 rei
533 543 570 580 in
593 543 666 581 hoc
685 542 838 580 nomine
855 541 1071 593 exemplum
1093 540 1320 589 defiderem,

6 627 9 631 .
62 606 151 634 cum
167 593 342 647 frequens
358 596 454 634 adeo
470 595 512 634 fit
527 595 642 634 altera
657 597 695 633 in
708 611 735 634 α.
752 596 987 635 terminatio:
1003 594 1065 634 vel
1078 595 1320 634 librariorum

11 691 14 695 ,
57 648 173 699 ‚culpa
190 645 333 700 μακροῦ
355 648 427 700 legi
452 662 524 701 pro
544 647 705 700 μακρᾶς.
729 648 815 700 Qui
834 660 1008 688 neutrum
1036 648 1157 701 potest
1178 661 1322 688 conco-

7 703 11 711 “
61 714 204 752 quere,
220 712 360 747 vertat,
383 717 426 741 ex
448 702 558 754 longis
573 715 672 753 atque
697 703 854 741 inanibus
871 703 955 755 asini
974 702 1162 741 laboribus:
1183 703 1320 755 quibus

63 754 106 794 δι
125 768 186 795 me
201 755 273 794 iam
289 754 506 796 defunetum
519 756 680 809 gaudeo.
695 755 822 795 Grsn.

820 871 1311 885 ----.-

156 944 239 987 ΙΝ
298 944 580 990 IOVEM
637 945 1230 990 CONFUTATUM.

115 1026 208 1077 Pag.
222 1038 309 1065 201.
323 1027 345 1066 l.
366 1040 398 1065 1.
413 1030 531 1065 ΖΕΥΣ
554 1027 914 1080 ΕΛΕΓΧΟΜΕΝΟΣ)
937 1026 1064 1066 Exstat
1087 1026 1232 1066 libellus
1251 1027 1320 1068 hac

58 1078 482 1131 inscriptionezLuciani
503 1080 747 1132 Samofiztensis
770 1081 857 1120 Ζεὺς
878 1080 1150 1134 ἐλεγχόμενος,
1165 1083 1222 1120 ubi
1238 1097 1319 1134 pro-

10 1146 14 1148 “
60 1134 212 1174 videntia
235 1134 373 1180 divina,
391 1135 502 1172 cultus
519 1135 702 1183 Gentilium
717 1148 791 1173 cum
807 1135 886 1187 ipfis
910 1136 1012 1181 Diis,
1027 1135 1209 1186 sinumque
1225 1138 1252 1173 S
1255 1136 1319 1174 toi-¹

59 1203 136 1228 cum
150 1205 171 1226 a
185 1188 338 1226 Luciano
352 1188 510 1234 eluditur,
530 1204 572 1227 ex
586 1203 649 1241 quo
670 1188 794 1240 triplex
806 1188 974 1240 impietas,
994 1189 1107 1239 hydra
1126 1188 1297 1240 Athez'smi
1306 1219 1318 1236 ,

58 1241 217 1294 Papifmi
237 1242 429 1281 idololatria
442 1272 452 1289 ‚
471 1241 872 1293 praedeterminantffmus
887 1240 1157 1292 qubrmatorum
1179 1244 1318 1280 Stoicus

4 1311 5 1315 ¹
56 1296 242 1334 deducitur.
256 1299 399 1334 Auctore
408 1296 461 1334 M.
474 1295 746 1335 10.Wilhelmo
756 1294 924 1334 Petersen
938 1294 1154 1334 Lubecenfi.
1171 1294 1319 1335 Gieffae

59 1348 266 1389 Hafforum
287 1350 386 1400 1674
398 1377 408 1394 ,
425 1365 470 1397 4,
486 1361 570 1401 pag.
592 1350 674 1400 136.
687 1349 836 1388 Totum
851 1361 995 1400 ponere
1009 1348 1169 1387 indicem
1187 1349 1318 1395 volui,

57 1415 109 1442 ne
123 1405 206 1455 quis
228 1403 328 1442 forte
351 1413 460 1454 parte
479 1414 626 1442 tantum
650 1401 812 1454 inspeEta
827 1402 1052 1453 imaginetur
1072 1401 1186 1441 inesse
1209 1403 1320 1454 quid-

56 1470 195 1509 quam,
214 1457 317 1508 quod
341 1455 576 1508 philologum
601 1456 805 1502 le&orem,
827 1456 891 1494 vel
911 1455 1095 1495 editorem
1117 1456 1237 1502 adeo,
1261 1456 1318 1495 iu-

4 1522 22 1542 κ
59 1523 153 1549 vare
174 1509 296 1562 poffit.
313 1510 423 1548 Ponit
438 1510 498 1549 ille
512 1509 665 1562 quidem
686 1522 810 1549 totum
835 1508 1028 1555 libellum,
1041 1509 1103 1548 sed
1119 1509 1254 1548 Latine
1269 1522 1319 1549 ex

58 1564 239 1604 Vincent.
253 1563 448 1614 Obsopaei
460 1563 655 1610 versione,
672 1562 865 1603 sententiis
883 1575 1031 1602 tantum
1046 1593 1058 1608 ‚
1073 1564 1108 1601 in
1126 1573 1320 1614 quantum

58 1617 258 1670 παχυλῶς
280 1618 438 1669 intelligi
457 1630 478 1656 e
493 1617 748 1670 qualicunque
763 1618 1071 1669 interpretatione
1087 1616 1238 1669 poffunt
1250 1646 1261 1664 ,
1277 1618 1320 1657 δι

57 1671 330 1713 controversus
345 1673 531 1717 intentus,
549 1684 646 1723 quas
661 1671 832 1710 acerbius
849 1671 1005 1715 trastat,
1025 1683 1141 1722 quam
1157 1674 1203 1708 ab
1223 1672 1320 1708 ἀπο-

59 1726 342 1766 καταστάσεως
356 1737 548 1778 praecone
560 1724 808 1776 exspectares:
822 1737 958 1776 nempe
970 1725 1119 1763 iuvenis
1130 1737 1209 1762 tum
1224 1735 1321 1771 erat,

59 1780 136 1820 &a
150 1780 455 1831 praeceptoribus
471 1778 750 1818 ferventiffimis
761 1779 938 1817 veniebat
952 1777 1130 1817 musteus.
1144 1777 1270 1817 GESN.

118 1834 206 1884 Pag.
224 1847 312 1872 202.
325 1834 347 1872 l.
362 1848 395 1886 3.
413 1833 447 1872 Εἰ
463 1832 605 1886 ἀληθῆ)
626 1832 794 1886 Respicit
815 1833 978 1871 Homeri
990 1832 1129 1871 locum
1148 1831 1253 1871 Iliad.
1271 1836 1317 1880 T,
1352 1870 1355 1873 .

20 1875 24 1878 ”
63 1886 150 1929 128.
165 1887 322 1927 SOLAN.

112 1944 185 1980 ead.
198 1942 221 1980 l.
234 1939 502 1993 4.”Αφευκται)
517 1939 623 1979 Nihil
638 1938 788 1992 quidem
804 1939 878 1979 hoc
892 1950 1081 1992 repugnat
1096 1938 1295 1990 analogiae
1308 1953 1321 1986 ;

58 2007 146 2035 nam
159 1994 201 2034 &
213 1997 377 2044 φευκτὸς
389 1995 538 2040 dicitur,
550 1994 590 2033 &
602 1993 861 2041 ἀνὲκφευκτος;
878 1993 963 2032 ideo
980 1994 1158 2045 vulgatae
1180 1992 1317 2031 ortho-

57 2049 253 2103 graphiam
268 2049 353 2100 quis
366 2048 564 2087 retineret:
586 2060 714 2086 tamen
729 2047 866 2086 reffius
880 2046 932 2086 est
943 2075 953 2093 ‚
973 2047 1077 2098 quod
1093 2059 1211 2097 marg.
1227 2047 1277 2084 A.
1298 2058 1313 2083 1

66 2106 122 2142 W.
135 2103 248 2142 habet
259 2104 427 2149 ἄφυκτοι,
440 2102 554 2154 idque
564 2101 805 2142 Graecorum
819 2099 1083 2140 consuetudini
1095 2101 1213 2152 magis
1225 2111 1318 2137 con-

57 2155 298 2202 sentaneum,
311 2156 349 2194 &
361 2154 504 2195 Nostro
517 2155 608 2194 alibi
620 2154 671 2194 fic
679 2155 822 2193 centies
834 2153 1005 2202 effertur,
1015 2164 1060 2193 ut
1071 2152 1180 2204 supra
1193 2152 1316 2193 Deor.

16 2201 34 2223 ἰ
58 2208 160 2250 Dial.
177 2210 314 2256 XVII,
330 2222 410 2262 cap.
428 2224 442 2247 1
461 2208 485 2248 f.
501 2209 623 2248 cursis
645 2209 679 2248 ἐν
693 2208 850 2258 ἀφύκτῳ
865 2206 1044 2261 ἑχέμενον
1058 2206 1203 2246 ἑαυτόν.
1218 2207 1316 2245 Her-

59 2276 155 2303 mot.
171 2277 254 2316 cap.
269 2277 341 2314 79,
357 2278 394 2301 ες
409 2264 562 2309 ἄφυκτα
577 2262 766 2311 ἐμβαλεῖν.
782 2261 934 2314 Quom.
950 2260 1045 2300 Hist.
1061 2274 1143 2311 cap.
1159 2260 1208 2300 62
1221 2289 1233 2304 ‚
1249 2260 1316 2298 ubi

54 2318 232 2366 ἄφευκτα.
244 2317 395 2370 quidem
410 2317 492 2355 edd.
508 2316 718 2363 habebant3
733 2314 793 2355 sed
807 2316 935 2355 Solan.
958 2315 1127 2354 correxit
1138 2344 1149 2361 ,
1169 2326 1216 2351 ex
1232 2312 1316 2364 ipso

56 2372 230 2411 Luciano
242 2371 440 2423 complura
455 2369 618 2409 afferens
630 2369 854 2408 testimonia.
867 2369 914 2407 Et
927 2368 978 2407 fic
990 2367 1160 2408 scribitur
1174 2367 1249 2405 hoc
1261 2366 1311 2406 T.

57 2425 96 2464 ΙΙ
109 2438 190 2464 non
213 2424 348 2471 semel,
363 2435 405 2463 ut
426 2437 517 2464 mox
533 2436 566 2463 c.
588 2424 654 2471 18,
678 2438 713 2475 p.
731 2436 778 2460 m.
799 2423 947 2476 ἀνάγκῃ
962 2421 1131 2472 ἀφύκτῳ.
1149 2420 1242 2458 Item
1266 2420 1312 2459 de

58 2478 211 2529 Gymn.
235 2492 269 2518 c.
293 2493 313 2516 2
326 2508 336 2524 ‚
352 2478 598 2529 ἀφυκτὸτεροι
613 2473 694 2516 εἷεν.
711 2476 797 2515 lbid.
812 2489 843 2515 c.
859 2490 907 2528 29
919 2506 932 2521 ,
950 2475 986 2515 ἐν
1007 2474 1158 2523 ἀφύκτῳ
1172 2473 1314 2526 ἑχόμε·

58 2546 124 2575 ναι.
137 2531 284 2574 Rursus
296 2545 334 2574 c.
358 2546 430 2585 32.-
441 2530 505 2571 De
518 2530 608 2572 lust.
623 2544 655 2572 c.
675 2545 697 2570 2
711 2530 736 2569 f.
749 2529 812 2570 De
824 2529 930 2583 Dips.
943 2542 977 2569 c.
997 2543 1018 2569 2
1033 2527 1057 2570 f.
1074 2528 1149 2569 &c.
1164 2525 1311 2568 Aristo-
