1764 3419
296 243 366 289 IN
400 242 644 309 Luctum
680 242 822 290 sivss
855 243 1125 291 Asmum..
1236 265 1322 310 471

125 329 215 383 Pag.
231 330 355 382 136.1.
379 330 415 370 8.
431 330 644 385 Ἀποὸύου)
661 332 724 371 Ab
740 331 889 371 athletis
904 332 1136 383 metaphora.
1158 332 1329 372 Guur.

73 381 170 422 Satis
182 394 282 435 patet
296 397 343 423 ex
364 383 542 436 sequente
557 386 619 423 nx}
634 385 926 438 γυμναζόμενος.
949 385 1019 424 Sed
1036 386 1077 425 &
1099 398 1145 424 ex
1171 386 1251 424 aliis
1266 388 1330 424 ad-

73 435 178 476 ieetis
194 435 279 476 satis
294 449 466 489 apertum
478 467 489 485 ,
513 450 589 476 non
604 438 724 477 solum
741 440 786 477 ad
799 439 1121 490 expugnationem
1139 438 1218 476 eius
1230 450 1333 476 men·

75 489 144 534 tis,
158 500 200 528 ut
215 489 267 528 sic
282 491 399 530 dicam
412 520 423 537 ,
445 491 512 541 qui
535 503 671 530 arcana
687 491 853 530 resciscat
865 521 877 539 ,
889 491 1044 542 respici3
1064 491 1122 530 sed
1136 492 1175 529 ὅ(
1190 491 1327 541 nequi·

73 542 143 580 tias
165 542 273 582 fimul
293 544 504 582 amatorias.
528 544 670 582 Eodem
695 545 816 583 verbo
845 543 1085 583 ἀποδύεσῧοιι
1106 545 1151 583 de
1172 544 1332 583 strenuis

73 596 314 646 potatoribus
326 595 444 635 Perfis
466 596 585 635 utitur
602 597 748 636 Aelian.
764 598 814 636 V.
841 597 936 636 Hist.
952 597 1044 645 XII,
1062 611 1095 643 1,
1119 612 1153 650 p.
1169 599 1244 649 659
1267 598 1325 636 ed.

74 648 192 688 Periz.
215 648 244 688 οἱ
267 650 405 700 Πέρσαι
417 649 602 688 -οἱονεὶ
622 655 709 703 πρὶς
725 654 787 689 τὸν
801 651 932 696 πότον,
947 647 993 690 ὡς
1010 653 1097 702 πρὸς
1116 650 1326 690 ἀντίπαλον

74 701 338 752 ἀποδυόμενοι.
354 702 454 743 Idem
473 702 506 740 ll
520 732 531 747 ,
549 716 596 754 30
613 702 636 741 f.
654 704 717 741 καὶ
731 702 956 742 &meracam
973 704 1035 742 ἐπὶ
1052 705 1278 754 φιλοσοφίᾳ,
1295 704 1330 741 6³

74 755 224 794 accinxit
233 755 273 806 se
286 757 335 793 ad
343 755 598 807 philosophiam.
623 757 793 809 Alciphr.
812 756 853 803 1,
868 756 936 808 Ep.
961 771 1022 809 37,
1049 770 1132 809 pag.
1155 771 1248 805 170,
1266 757 1328 795 ἐπ’

75 807 210 848 ἐκεῖνον
226 810 303 861 ’γὰρ
317 806 334 849 ἦ
349 809 539 859 Ἑρπυλλίς
555 808 796 848 ἁποὸύσετοιι
810 839 821 857 ,
840 812 888 849 ad
898 810 976 848 huic
989 810 1227 849 auxiliandum
1241 813 1330 849 Her·

71 860 226 913 pyllisse
239 862 397 913 accinget.
414 861 561 901 Rau-z.

127 918 201 953 ead.
217 915 239 954 l.
253 928 268 953 1
281 929 312 953 1.
328 914 460 953 ΔούΛοι
476 916 585 968 γὰρ)
606 914 763 967 Quibus
783 914 820 953 in
834 915 1010 956 domibus
1029 927 1094 955 aut
1109 915 1242 968 paterf.
1261 927 1329 955 aut

77 966 223 1007 materf.
248 969 422 1020 nequiter
444 968 712 1021 libidinoseque
732 969 858 1017 vivit,
872 969 910 1008 in
932 969 984 1008 eis
1006 968 1136 1008 servos
1157 982 1235 1008 non
1257 969 1330 1010 effe

78 1021 226 1067 servos,
239 1034 364 1073 neque
378 1022 576 1061 communi
589 1022 807 1061 conditione
819 1021 1007 1062 servitutis
1022 1023 1090 1070 uti,
1106 1022 1165 1062 sed
1177 1023 1331 1063 liberius

76 1073 305 1114 &licentius
319 1076 474 1121 vivere,
487 1076 707 1128 quotidiana
723 1076 834 1115 docet
852 1076 1092 1128 experientia.
1111 1075 1253 1115 COGN.

128 1130 202 1167 ead.
216 1128 239 1166 l.
261 1141 317 1177 15.
336 1127 585 1181 Παλαίστροι)
600 1129 733 1168 Iocose
752 1129 910 1168 inditum
930 1129 1083 1168 ancillae
1103 1142 1243 1169 nomen
1257 1160 1270 1176 ,
1290 1140 1330 1169 ut

77 1193 141 1234 ap.
159 1181 280 1221 Plaut.
301 1181 341 1219 in
361 1180 499 1220 Cistell.
522 1182 669 1221 cuidam
687 1183 920 1233 Gymnafium.
934 1181 1078 1221 COGN.

133 1236 222 1287 Pag.
238 1248 322 1287 137.
338 1235 361 1273 l.
381 1248 411 1273 1.
422 1234 461 1272 ‘H
474 1234 519 1273 Σὲ
531 1235 647 1286 ὀσφὺς
663 1234 745 1285 ἧμῖν
760 1234 878 1289 ὑγρῶς
893 1235 1134 1283 ἐπαινεῖται,
1146 1235 1331 1288 μακάριος

76 1287 183 1328 ’ὅστις
204 1286 362 1328 ἐνταῦθα,
387 1287 615 1338 &veae-,Laxta
644 1287 661 1329 ἦ
684 1289 728 1328 ἑὲ
752 1288 901 1340 σφόἓροι
922 1290 1000 1342 ’γὰρ
1023 1288 1127 1340 διε.)
1144 1289 1331 1338 Vertunt‚

82 1342 115 1379 T
111 1357 166 1380 um
183 1341 248 1380 illa
261 1371 273 1387 ‚
293 1342 394 1380 lumbi
408 1342 539 1392 agiliser
561 1354 733 1381 moventur
749 1364 793 1372 —
809 1343 877 1381 Illa
889 1343 1059 1394 impudens
1073 1342 1107 1379 δ’
1121 1343 1219 1380 vulta
1232 1354 1332 1394 grata

77 1395 214 1447 puella,
238 1396 394 1446 fugeris,
412 1395 535 1447 inquit
547 1426 559 1443 ‚
581 1395 778 1448 adolescens.
795 1396 848 1434 At
871 1409 946 1434 non
964 1395 1083 1448 potest
1099 1395 1145 1434 ab
1161 1395 1333 1435 Luciano

80 1448 225 1488 veniffe
242 1449 302 1488 hic
324 1449 420 1487 ordo
442 1450 635 1497 narrandi,
657 1449 802 1489 utillud
817 1448 834 1490 ἦ
852 1448 895 1488 sk
912 1451 1004 1488 duas
1024 1449 1202 1500 periodos
1215 1447 1250 1487 se
1270 1448 1332 1487 in-

79 1502 204 1544 vicem
221 1501 418 1554 sequentes
438 1503 612 1555 inchoet,
632 1517 677 1543 ea
698 1503 919 1548 notatione,
934 1513 977 1542 ut
993 1501 1176 1555 fignificet
1198 1501 1334 1553 perso-

81 1567 171 1595 nam
185 1556 386 1608 loquentis.
400 1557 447 1596 Et
461 1570 560 1609 quae
569 1557 635 1595 ista
647 1557 701 1596 sui
713 1557 878 1596 laudatio
891 1555 964 1595 est?
977 1556 1102 1594 Immo
1114 1556 1227 1594 etiam
1241 1554 1335 1595 haec

80 1610 223 1660 ineptia
243 1623 322 1649 non
336 1610 443 1650 latuit
456 1612 700 1663 interpretes,
717 1611 783 1661 qui
799 1623 878 1649 non
901 1610 957 1648 bis
981 1618 1135 1648 vertunt
1157 1622 1226 1647 tum
1247 1609 1332 1656 illa,

73 1663 186 1714 .quod
199 1662 324 1703 facere
336 1664 542 1704 debuerant
561 1664 694 1703 attenti
711 1664 881 1704 Graecis.
902 1662 1094 1703 Praeclare
1114 1663 1182 1700 has
1204 1662 1333 1700 turbas

81 1716 231 1755 sanavit
242 1730 285 1757 ac
302 1718 460 1757 restituit
475 1728 592 1771 pater,
614 1718 632 1758 it
657 1717 700 1757 δὲ
716 1717 829 1769 ὀσφὺς
854 1716 900 1756 σὺ
922 1716 990 1766 μὲν
1015 1711 1134 1769 ὑγρῶς
1159 1714 1335 1754 ἐπαινεῖ-

81 1785 165 1810 ·ηιι.
184 1769 368 1824 μακάριος
381 1771 454 1812 &c.
480 1783 523 1810 ut
545 1770 616 1810 smt
637 1771 756 1811 verba
768 1771 959 1810 laudantis
979 1770 1146 1814 iuvenis,
1163 1767 1335 1818 dicentis-

82 1836 173 1877 que,
187 1825 289 1865 lumbi
302 1825 428 1878 quidem
441 1826 490 1864 tui
499 1826 633 1877 agiliter
640 1840 728 1864 mov.
743 1825 803 1865 Sic
816 1825 943 1864 omnia
957 1825 1047 1863 haec
1061 1822 1335 1874 plana.Verum

83 1878 276 1929 sequentia
292 1879 384 1918 mire
398 1878 700 1927 administrantur
715 1878 774 1917 illa
786 1909 797 1926 ‚
810 1878 873 1916 καὶ
886 1876 955 1916 τῆς.
965 1878 1042 1916 ἀντὶ
1055 1874 1119 1916 τῆς
1131 1875 1335 1928 &apamiae

84 1931 212 1971 &esbum
226 1932 422 1985 ἁρὲόμενος
437 1932 496 1971 ἀεὶ
509 1931 618 1983 ἀνέξῃ
633 1962 644 1979 ,
658 1932 722 1972 ubi
736 1930 963 1971 Basiieenses
977 1941 1131 1970 vertunt
1143 1960 1154 1977 ,
1168 1930 1263 1969 cuius
1276 1943 1336 1968 cu-

89 2001 159 2024 ram
173 1985 270 2024 haud
273 1984 381 2037 facile
391 1985 580 2039 sustinebis,
589 1985 816 2025 BenediRUS
837 1985 934 2024 cuius
947 1985 1146 2023 curationem
1167 1983 1264 2021 baud
1272 1981 1337 2032 fiz-

87 2038 454 2092 cilesuflinebis‚q.uae
466 2039 565 2079 nihil
582 2037 727 2078 faciunt
739 2039 784 2077 ad
795 2038 951 2090 scopum
965 2037 1006 2076 δι
1022 2037 1169 2089 plenam
1183 2046 1341 2091 §aptato

85 2091 171 2131 lusu
187 2091 388 2132 Palaestrae
404 2093 680 2132 enormitatem.
693 2093 801 2131 Pater
815 2090 1024 2142 adscripsit,
1036 2090 1074 2128 F.
1093 2088 1338 2129 {vsovaer-

81 2145 193 2185 ¹tebat
206 2145 333 2198 igitur,
344 2146 379 2184 G·
389 2147 433 2184 ab
447 2145 523 2198 ipsa
542 2146 726 2185 curationis
740 2146 913 2198 voluptate
925 2145 1083 2197 irrigatus
1093 2142 1222 2194 semper
1233 2142 1338 2194 susti-

89 2200 191 2238 nebis.
207 2198 285 2238 Nifi
300 2199 409 2251 plane
425 2200 611 2250 oxymori
625 2199 781 2251 speciem
802 2199 839 2237 in
861 2197 1017 2252 vulgata
1035 2197 1200 2236 lefflone
1222 2208 1341 2249 agno-

77 2252 191 2292 -scere
206 2253 368 2292 velimus
381 2283 392 2300 ,
406 2252 447 2291 &
466 2253 514 2291 ab
532 2251 613 2304 ipso
631 2253 836 2291 curationis
853 2251 987 2291 dolore
1010 2251 1203 2302 irrigatum
1219 2249 1316 2288 dicat
1329 2278 1341 2296 ‚

91 2317 133 2346 ut
145 2306 233 2345 licet
244 2306 378 2345 dolore
391 2306 576 2358 plenusz&
589 2304 696 2345 miser
707 2305 753 2344 sit
764 2335 774 2351 ‚
787 2305 933 2356 semper
948 2316 1074 2344 tamen
1089 2303 1218 2357 adhucm
1225 2303 1314 2340 velit
1330 2317 1338 2341 :

83 2359 198 2411 quod
218 2360 344 2399 iudico
361 2358 605 2399 veriffimum.
622 2359 840 2399 GRON.‘95
859 2354 1050 2411 εὐρύθμως,
1072 2355 1178 2406 ἔφην,
1193 2358 1219 2393 ὠ
1243 2354 1340 2394 καλὴ

93 2413 350 2466 Παλαίστροι,
370 2413 438 2452 τὴν
462 2411 589 2465 πυγὴν
612 2411 661 2462 τῇ
683 2411 815 2465 χύτρᾳ
843 2410 932 2461 ὁμοῦ
955 2408 1258 2461 συμπεριφέρεις,
1278 2407 1343 2446 net}

95 2466 248 2506 κλίνεις·
263 2464 281 2506 ir
297 2465 340 2504 δὲ
353 2465 470 2516 ῥσφὺς
485 2463 567 2515 ἦμῖν
581 2462 699 2522 ὑγρῶς
712 2464 959 2512 ἐπαινεῖται)
974 2465 1162 2514 Interpres
1175 2471 1346 2509 vertens,

98 2521 216 2571 Quam
238 2521 391 2573 venuste,
409 2520 568 2573 inquam,
587 2534 607 2558 o
622 2519 767 2573 pulchra
789 2519 980 2572 Palaestra,
996 2530 1092 2555 nates
1105 2529 1175 2554 una
1187 2529 1260 2555 cum
1273 2514 1345 2554 olla

984 2569 1112 2622 (334
