1764 3419
309 240 412 290 ΙΝ
475 243 1027 291 IMAGINES.
1131 273 1135 276 -
1211 260 1302 313 397

37 330 153 378 Deos,
173 330 210 370 h.
231 343 263 371 e.
283 330 520 382 suspenditur
539 331 687 370 donarii
709 329 832 370 causa.
855 331 939 370 Liv.
964 332 1037 380 IV,
1063 345 1127 371 20:
1145 335 1305 375 Diczuor

27 400 196 432 ‚coronam
207 400 341 424 auream
354 386 471 423 libram
484 388 599 437 pondo
613 401 655 422 ex
662 386 760 437 publ.
777 388 923 437 pecunia
935 387 1055 437 populi
1071 387 1159 436 iuffic
1178 390 1212 425 in
1230 391 1304 426 Ca-

23 459 25 461 ·
37 439 160 492 pitolio
180 439 257 477 lovi
272 440 394 477 donum
408 439 533 491 posuit.
558 437 724 477 Laclant.
750 439 795 477 de
819 451 931 478 mort.
956 439 1138 490 persecut.
1159 454 1238 492 cap.
1260 456 1276 492 5
1295 457 1305 480 ι

41 493 194 544 Derepta
213 494 255 545 est
271 493 300 529 ei
318 492 418 538 cutis,
434 492 468 528 δ’
493 503 599 530 exuta
619 492 798 542 visceribus
814 493 927 542 pellis,
951 494 1071 543 infeffla
1093 496 1189 532 rubro
1212 496 1303 534 colo·

41 560 94 592 re,
109 557 147 583 ut
163 546 198 583 in
214 545 331 597 templo
342 545 557 583 harbarorum
575 547 730 584 Deorum
743 547 791 583 ad
803 547 990 585 memoriam
1003 548 1170 600 chrffmi
1184 549 1302 587 trium.

34 598 101 651 phi
110 611 294 650 poneretur.
310 596 458 637 ORTW.

92 653 172 691 ibid.
188 648 310 703 Αὕτη)
323 650 382 690 Sic
395 651 549 690 lenfius.
563 650 721 690 SOLAN.

90 709 163 744 ead.
180 706 204 744 l.
223 719 280 744 12.
294 705 519 743 Ἀνακείσῢω
541 702 558 744 ἦ
586 705 716 753 εἰκὼν)
733 705 824 744 Non
840 705 994 745 dubium
1018 705 1091 752 est,
1111 707 1204 760 quin
1227 708 1302 750 hoc

39 759 202 798 verbum
223 760 269 798 de
288 757 467 810 suspensis
483 758 620 797 tabulis
634 770 679 796 ac
692 759 855 797 donariis
870 759 915 797 sit
933 760 1228 800 usitatiffimum:
1251 764 1302 801 ita

36 811 77 851 in
97 813 174 851 tab.
191 811 322 852 Cebet.
341 825 395 863 pr.
409 811 577 851 ἀνέκειτο
592 809 636 850 δὲ
653 811 718 850 καὶ
732 812 847 862 πίναξ
867 827 930 851 τις·
944 814 1133 865 {pomae-32
1148 814 1215 854 w:
1227 817 1304 857 νεώ.

40 865 277 918 suspendatur
289 877 414 904 tamen
435 878 521 904 cum
536 864 657 903 lensio
671 877 819 903 vertere
834 867 962 904 malim
974 895 984 912 ,
1003 868 1065 906 vel
1077 882 1302 919 proponatur,

35 932 151 970 quam
167 931 354 971 reponatur.
371 917 445 957 Etsi
458 934 609 971 reponere
623 918 723 957 reete
738 919 892 959 dicitur:
909 932 994 958 nam
1013 925 1207 973 quaeritur
1220 936 1304 962 mo-

35 974 109 1018 do,
126 974 217 1024 quid
232 974 292 1012 hic
307 972 350 1010 fit
366 973 686 1018 convenientius,
701 985 779 1010 non
794 973 881 1024 quid
897 973 1030 1013 Latine
1043 975 1165 1014 dIcere
1181 976 1305 1017 liceat.

36 1025 108 1065 Sed
129 1027 265 1074 video,
296 1025 507 1066 Gesnerum
531 1027 603 1064 iam
626 1024 758 1065 dediffe
776 1028 1032 1079 propofitafit,
1064 1029 1109 1067 ad
1133 1040 1302 1070 mentem

34 1079 190 1119 Luciani
212 1079 391 1133 apposite.
415 1079 562 1118 RmTz.

88 1134 124 1172 in
140 1134 259 1173 Schol.
273 1134 334 1173 col.
350 1147 384 1172 2.
401 1133 424 1173 l.
445 1147 477 1172 1.
495 1133 651 1172 Πτίλοις
663 1131 680 1184 )
694 1131 754 1172 Sic
770 1131 840 1172 Ms.
858 1132 955 1186 Reg.
973 1148 1042 1187 30¹
1053 1149 1085 1174 1.
1099 1136 1153 1175 uti
1170 1149 1303 1183 emenq

34 1186 198 1226 dandum
213 1186 364 1227 iufferat
376 1186 552 1226 Solanus.
567 1186 685 1238 Vulg.
698 1187 836 1225 πίλοις.
1195 1200 1202 1207 -

88 1241 178 1294 Pag.
199 1255 259 1294 23.
273 1242 295 1279 l.
314 1255 344 1279 1.
365 1239 524 1287 Θεανοῖ)
541 1240 793 1278 Homericam
819 1240 915 1279 hanc
936 1240 1100 1281 inducia
1121 1242 1297 1284 Luciano

32 1293 208 1334 existimo
219 1325 231 1342 ‚
243 1295 331 1346 quia
345 1294 547 1333 Minervae
561 1293 735 1332 sacerdos
751 1294 932 1346 precibus
946 1294 1018 1334 suis
1032 1296 1080 1334 ab
1093 1296 1164 1335 Ilio
1176 1296 1295 1337 Grae·

31 1360 101 1387 cos
115 1348 288 1388 avertiffe
301 1348 376 1387 illic
388 1348 545 1395 dicitur3
562 1358 605 1386 ut
620 1347 661 1386 L.
678 1347 788 1386 Vero
802 1347 899 1387 bene
912 1349 1149 1389 ominaretur
1164 1351 1297 1390 adver-

33 1400 94 1440 sus
109 1401 266 1441 Parthos
281 1401 420 1441 bellum
439 1402 654 1453 gerenti.V.
668 1401 786 1440 Hom.
802 1400 843 1441 Il.
860 1407 896 1448 E,
908 1415 973 1451 70,
990 1407 1029 1449 Z,
1045 1403 1134 1456 298,
1146 1410 1189 1450 A,
1204 1419 1293 1453 224.

34 1455 190 1495 SOLAN.
204 1455 317 1502 Puto,
328 1454 472 1508 respicit
484 1456 531 1494 ad
544 1455 584 1494 Il.
599 1460 636 1502 E,
649 1468 716 1503 70,
730 1455 794 1494 ubi
805 1467 988 1505 tanquam
1001 1469 1214 1496 novercam
1228 1461 1298 1497 mi.

31 1509 135 1550 nime
151 1522 360 1549 novercam
373 1508 511 1548 laudat.
531 1507 674 1548 Versus
685 1509 791 1547 aurei
809 1509 854 1548 de
868 1508 1014 1549 Pedaeo
1030 1512 1240 1551 Antenoris
1252 1511 1299 1550 fi-

31 1563 86 1604 lio
98 1579 106 1602 :
118 1558 184 1602 '⁴05
196 1562 242 1616 ῥα
257 1563 347 1604 νόθος
357 1562 425 1612 μὲν
440 1561 510 1611 ἔην,
521 1560 627 1601 πύκα
640 1561 677 1600 A*
687 1561 819 1614 ἔτρεφε
830 1560 900 1601 sia
912 1560 1135 1604 Oeazfflm
1149 1568 1296 1616 φίλοιο-ι

31 1617 216 1664 τέκεσσι,
230 1617 458 1671 χαριζομένη
475 1617 589 1656 πόσεϊ
602 1611 641 1663 ᾧ.
660 1617 799 1655 Aretae
814 1616 968 1656 Alcinoi
985 1618 1179 1658 historiola
1202 1631 1299 1659 nota

31 1671 86 1710 est
99 1683 147 1710 ex
165 1669 240 1710 Od.
259 1676 286 1709 H
297 1702 308 1718 ,
322 1672 368 1722 65
387 1670 488 1723 seqq.
504 1669 568 1709 De
586 1668 772 1709 Nausicaa
788 1680 869 1709 tota
884 1683 1005 1722 prope
1020 1670 1094 1711 Od.
1118 1676 1154 1711 Z.
1169 1672 1300 1714 GESN.

84 1727 158 1763 ead.
173 1726 196 1763 l.
211 1738 245 1763 2.
260 1720 385 1777 Ἀρῆτῃ
404 1724 500 1777 &c.)
517 1724 679 1763 Homer.
692 1722 829 1774 Odyff.
847 1729 870 1762 Z
882 1755 894 1771 ,
909 1724 949 1762 &
962 1729 989 1762 H
1001 1754 1012 1771 ‚
1030 1740 1090 1778 34.
1111 1725 1270 1768 SOLAN.

82 1781 156 1817 ead.
173 1779 198 1818 l.
211 1792 247 1828 7.
266 1777 486 1829 Περίφρονα)
507 1778 667 1817 Homer.
679 1777 715 1815 in
731 1776 867 1828 Odyff.
882 1777 1270 1829 saepiffime.Sot.AN.

82 1836 157 1872 ead.
169 1833 192 1871 l.
206 1846 243 1884 9.
255 1831 324 1871 Τὴν
336 1829 404 1869 τοῦ
417 1830 658 1883 Ἀβραὲατα)
676 1832 778 1870 Vide
792 1844 875 1883 cap.
894 1845 950 1870 10.
964 1832 1121 1872 SOLAN.

82 1886 174 1939 Pag.
191 1900 253 1934 24.
266 1886 289 1923 l.
306 1884 471 1937 5.“Oo·e‚a›)
486 1884 603 1924 Conf.
621 1884 732 1937 supra
746 1897 844 1924 nott.
857 1886 904 1924 ad
919 1898 1000 1938 cap.
1017 1900 1075 1936 17.
1091 1887 1232 1928 REITz.

83 1943 156 1979 ead.
170 1940 193 1979 l.
207 1939 243 1979 8.
257 1936 454 1987 Edmt'l'oev)
472 1937 566 1977 Non
591 1938 677 1978 satis
697 1939 863 1992 probum
884 1939 960 1979 hoc
980 1941 1142 1980 verbum
1158 1942 1302 1982 iudicat

29 1992 191 2040 Pollux,
206 1993 247 2035 L.
261 1994 316 2041 V,
335 1992 371 2032 S.
393 2005 464 2041 ¹40
477 2022 488 2040 ‚
504 2005 589 2045 pag.
606 2005 694 2045 551,
706 1992 893 2032 scribens:
910 1995 966 2031 Τὲι
985 1993 1031 2032 δὲ
1049 1999 1273 2048 πραγματα
1285 2012 1301 2043 ,·

28 2045 252 2101 εὖεργεσία,
275 2050 415 2100 χάρις,
438 2045 571 2097 scapeia.
593 2049 637 2085 τὸ
662 2048 741 2100 ’γὰρ
763 2043 922 2091 advola,
943 2043 981 2085 οὗ
1006 2046 1090 2087 λίαν
1115 2049 1304 2100 κέκριται.’

29 2100 164 2140 Utitur
175 2112 303 2140 tamen
316 2101 355 2139 δι
367 2099 545 2152 Alciphr.
561 2100 593 2146 Ι,
607 2100 675 2152 Ep.
689 2113 734 2139 10
746 2098 769 2138 f.
782 2114 817 2152 p.
831 2114 894 2148 42.
906 2101 983 2139 Ubi
995 2101 1164 2154 Bergler.
1180 2103 1298 2142 etiam

27 2154 105 2194 hoc
119 2155 278 2195 Luciani
291 2164 427 2193 contra
442 2153 635 2194 Pollucem
651 2152 774 2202 affert,
788 2154 828 2193 δι
844 2155 928 2193 alibi
941 2167 1101 2207 quoque
1111 2157 1209 2207 apud
1223 2156 1299 2196 Lu.

28 2209 129 2250 cian.
147 2221 353 2248 occurrere
374 2206 575 2253 observat,
592 2209 697 2260 quod
718 2220 766 2247 ex
784 2207 911 2247 Indice
932 2209 1086 2259 patebit.
1101 2210 1234 2249 Utitur
1253 2211 1297 2250 &

29 2261 242 2315 Apostolus
263 2263 299 2300 in
314 2259 428 2314 Epist.
445 2262 492 2300 ad
505 2262 624 2300 Hebr.
638 2261 753 2307 XIII,
775 2262 833 2300 16.
851 2262 1002 2313 Legitur
1017 2263 1056 2302 &
1068 2264 1167 2315 apud
1179 2264 1300 2315 Epio.

17 2315 133 2356 Sent.
151 2317 219 2362 26,
239 2328 275 2367 p.
294 2316 352 2354 ed.
368 2314 454 2354 Rel.
475 2328 546 2354 102
565 2313 590 2354 f.
613 2314 676 2354 ἐπὶ
693 2316 931 2368 χρηστότητι
951 2317 1015 2354 καὶ
1034 2314 1178 2366 eximio.
1198 2317 1297 2357 Item

25 2368 132 2410 Sent.
145 2382 211 2421 75,
231 2382 316 2422 pag.
335 2368 405 2407 128
424 2380 481 2418 pr.
499 2369 563 2406 καὶ
579 2367 830 2414 stamma-imm,
848 2368 913 2407 καὶ
932 2365 1087 2409 edonias
1107 2370 1298 2420 ἀνάθημα.

29 2421 79 2462 Et
99 2421 243 2475 loseph.
266 2423 394 2474 Antiq.
420 2421 502 2462 Iud.
522 2421 635 2470 XIX,
650 2434 730 2476 cap.
745 2437 784 2475 9,
806 2422 821 2471 §
843 2435 876 2470 1,
890 2436 926 2475 p.
945 2437 1036 2476 952,
1054 2424 1126 2465 τῶν
1143 2421 1296 2464 εὗποϊίῦυ

25 2471 147 2517 αὐτοῦ
162 2476 361 2526 λαθόμενοι.
382 2475 529 2515 REITZ.

79 2533 154 2571 ead.
165 2531 189 2571 l.
206 2543 221 2569 1
231 2544 263 2570 2.
276 2525 370 2583 Ὁμῆ
379 2544 436 2584 ρον
448 2524 578 2582 Ἄτην)
592 2527 634 2570 11.
648 2533 682 2578 1,
700 2542 784 2584 500.
800 2529 957 2571 SOLAN.
