1764 3419
448 253 537 300 524
642 235 1512 282 ANNOTATIONES

442 326 518 373 sas,
546 339 642 379 quas
666 323 953 366 consumserunt
976 325 1013 363 in
1040 325 1198 364 Rhodio
1216 324 1377 365 Coloss‘o
1396 325 1601 378 erigendo?
1623 338 1703 367 non

442 380 528 433 plus
542 379 646 429 sane,
659 394 774 433 quam
792 380 915 418 tenuis
929 380 970 419 &
983 377 1179 430 despectus
1195 379 1346 418 rivulus
1357 380 1402 417 ad
1419 381 1616 430 Aegaeum
1629 394 1707 419 ma-

441 447 495 473 re.
515 434 631 473 Paulo
645 447 732 473 ante
747 434 963 472 Mercurius
974 461 986 477 ,
1002 444 1090 471 cum
1108 432 1268 478 Venus,
1279 434 1369 485 quia
1381 433 1428 471 ab
1449 433 1625 472 Homero
1638 446 1705 486 ap·

444 487 607 540 pelletur
619 486 766 541 χρυσῆ,
778 485 939 530 dixisset,
952 484 1020 523 fibi
1030 497 1189 538 quoque
1201 486 1297 524 inter
1308 486 1418 537 primi
1430 485 1586 524 subsellii
1599 486 1710 526 Deos

442 541 572 581 locum
598 541 746 587 deberi,
769 539 979 591 respondit,
994 538 1094 578 illam
1117 538 1286 577 visuram
1310 551 1470 592 quoque
1491 539 1599 578 multi
1622 540 1707 579 auri

444 592 687 647 possessorem
704 593 925 645 Apollinem
940 592 976 632 ἐν
995 592 1073 631 τοῖς
1091 592 1285 646 ζευγίταις
1295 590 1509 642 καθήμενον,
1523 593 1622 632 inter
1636 607 1709 644 zy-

446 649 545 701 gitas
562 646 748 685 sedentem
759 677 770 692 ,
791 648 863 686 hoc
877 645 944 691 est,
959 645 1095 684 tertiae
1109 645 1228 685 claffis
1242 646 1366 692 Deos,
1380 647 1472 698 quia
1485 646 1598 698 ipsius
1612 658 1709 686 tem·

445 701 552 753 plum
569 699 612 739 sit
629 700 878 753 compilatum
892 729 903 746 ‚
923 699 1088 751 ideoque
1101 700 1244 738 Veneri
1256 700 1500 752 cogitandum
1511 728 1522 746 ‚
1540 712 1618 738 non
1632 712 1710 739 ma-

444 755 481 792 le
504 754 630 793 secum
655 755 736 807 agi,
758 754 808 803 μὴ
828 754 929 792 πάνυ
949 753 985 792 ἐν
1003 754 1147 801 3ητικῷ
1170 753 1501 805 ἐκκλησιάζουσα,
1515 752 1544 792 st
1558 753 1711 792 nonin·

445 817 504 846 ter
519 808 582 846 imi
599 807 756 847 subsellii
773 807 880 846 Deos
900 806 1122 851 collocetur,
1137 806 1176 845 in
1189 806 1368 846 Deorum
1382 817 1590 846 conventu.
1604 807 1712 848 Haec

445 861 627 912 loquendi
647 874 784 914 genera
806 860 890 900 sunt
911 873 958 900 ex
973 860 1167 912 republica
1182 860 1404 900 Athenienfi
1420 861 1560 912 petita,
1580 861 1617 899 in
1635 874 1713 913 qua

446 914 568 956 Solon
584 913 790 954 secundum
803 913 958 953 censum
971 912 1097 952 divifit
1116 915 1151 952 in
1164 925 1332 966 quatuor
1348 913 1477 954 classes
1488 914 1603 954 cives.
1616 914 1712 954 Ter-

446 970 498 1007 tia
514 967 633 1008 claffis
647 980 728 1008 erat
751 968 822 1007 τῶν
844 967 1043 1021 ζευγιτῶν,
1057 968 1121 1019 qui
1145 969 1329 1007 ducentos
1352 969 1564 1007 medimnos
1583 968 1714 1008 arido-

445 1036 532 1062 rum
556 1023 594 1061 &
619 1023 848 1075 liquidorum
873 1021 1084 1074 pendebant
1099 1022 1351 1072 reipublicae,
1367 1022 1407 1060 &
1432 1022 1551 1061 minas
1569 1022 1709 1061 decem.

447 1075 610 1128 Quarta
623 1086 730 1116 erant
742 1075 878 1115 θητῶν.
897 1074 1020 1114 Θῆτες
1032 1075 1079 1114 ad
1094 1075 1240 1114 nullum
1256 1074 1517 1127 magistratum
1535 1086 1714 1129 poterant

446 1129 661 1182 adspirare,
677 1129 738 1169 sed
761 1129 908 1168 nullum
933 1141 1093 1182 quoque
1111 1129 1324 1180 pendebant
1345 1130 1528 1169 tributum
1542 1160 1553 1178 ‚
1567 1141 1610 1169 ut
1631 1129 1714 1169 Ro-

445 1197 533 1224 mae
545 1185 721 1236 proletarii
739 1184 781 1224 &
795 1185 904 1235 capite
926 1185 1021 1235 cenfi.
1036 1182 1204 1222 Eandem
1220 1182 1508 1223 translationem
1525 1185 1660 1223 retinet
1676 1184 1715 1222 in

447 1237 714 1290 sequentibus,
729 1237 780 1276 ἃ
799 1238 980 1282 affirmat,
1000 1235 1027 1275 sl
1042 1236 1188 1276 sumtus
1203 1236 1273 1276 sint
1291 1236 1510 1291 respiciendi
1527 1238 1565 1276 in
1579 1236 1719 1277 Colos-

446 1291 530 1332 sum
554 1291 731 1345 impenfi,
750 1290 860 1343 super
883 1289 1318 1340 πεντακοσιομεέίμνους
1331 1293 1394 1330 καὶ
1413 1292 1479 1331 τὴν
1496 1289 1658 1330 ἱππ-ἐῶσι
1672 1291 1718 1331 ἂν

449 1346 506 1385 sin
518 1376 531 1393 ,
547 1346 624 1385 hoc
642 1346 718 1392 est,
736 1358 824 1384 eum
845 1357 932 1384 ante
949 1344 1116 1397 primi&
1137 1344 1290 1384 secundi
1305 1346 1447 1384 ordinis
1460 1345 1572 1384 Deos
1591 1344 1719 1385 sedere

449 1400 599 1439 debere.
612 1398 1021 1448 Hevroenoctopte‘stptvoa
1035 1409 1145 1438 erant
1157 1411 1204 1437 ex
1216 1398 1369 1438 Solonis
1382 1397 1633 1452 descriptione
1645 1399 1720 1451 pri-

449 1466 536 1492 mae
549 1452 668 1493 claffis
680 1454 786 1493 cives
797 1482 808 1498 ,
824 1453 889 1505 qui
906 1465 953 1491 ex
969 1451 1044 1492 suis
1057 1451 1345 1503 posseffionibus
1358 1451 1719 1506 capiebantfruRus

450 1507 757 1559 quingentorum
780 1507 1026 1552 modiorum,
1050 1506 1244 1545 aridorum
1266 1505 1376 1546 fimul
1400 1508 1441 1546 &
1459 1506 1721 1557 liquidorum,

451 1561 493 1600 δι
509 1561 576 1613 qui
599 1561 748 1599 aerario
765 1560 976 1610 pendebant
991 1560 1190 1599 talentum.
1207 1561 1276 1598 Καὶ
1292 1560 1360 1600 τὴν
1375 1559 1541 1599 ivi-mich
1561 1559 1638 1600 scil.
1657 1575 1719 1600 τε·

448 1613 617 1661 λοῦντες,
631 1614 707 1653 hoc
725 1613 778 1654 est
791 1644 801 1660 ,
823 1614 928 1667 quod
952 1614 1137 1654 tributum
1157 1613 1368 1666 equestrem
1391 1615 1624 1666 penderent,
1644 1615 1721 1655 hoc

451 1666 506 1706 est
518 1697 528 1713 ,
547 1668 715 1721 equitem
739 1679 971 1722 cogerentur
985 1668 1086 1707 alere
1102 1669 1138 1707 in
1153 1667 1261 1707 usum
1281 1668 1532 1721 reipublicae:
1549 1681 1721 1721 quorum

452 1721 655 1761 facultates
668 1735 775 1761 erant
797 1723 913 1761 modii
935 1722 1117 1769 trecenti,
1138 1723 1321 1761 tributum
1337 1721 1645 1762 semi-talentum.
1667 1723 1720 1761 Hi

452 1786 563 1816 erant
577 1774 760 1816 secundae
774 1775 894 1816 claffis
907 1776 1025 1815 cives.
1044 1776 1155 1815 Hanc
1174 1775 1447 1816 distinflionem
1461 1776 1603 1816 civium
1623 1776 1724 1816 Atti-

454 1843 592 1870 corum
607 1830 729 1882 lepide
743 1831 936 1869 Lucianus
951 1829 1139 1869 transtulit
1151 1831 1195 1869 ad
1211 1829 1332 1869 Deos.
1343 1831 1445 1869 Vide
1456 1829 1723 1879 Polluevul,

458 1897 508 1923 10
522 1914 534 1929 ,
555 1882 744 1923 Plutarch.
766 1885 805 1922 in
827 1884 908 1923 vita
932 1883 1106 1929 Solonis,
1122 1884 1162 1923 δι
1186 1883 1378 1929 Aristidis,
1393 1885 1432 1924 δι
1450 1883 1659 1923 Meurfium
1681 1884 1721 1923 in

453 1937 600 1977 Solone
615 1938 829 1977 Aristotelis
845 1936 1064 1977 sententiam
1079 1937 1323 1976 refellentem.
1338 1937 1513 1979 GRAEV.

510 1995 583 2030 ead.
597 1992 620 2031 l.
638 2005 652 2030 1
663 2006 700 2031 2.
715 1992 797 2042 Ἀφ’
814 1991 957 2031 ὁπόσων
978 1991 1182 2031 Ταλέιντων
1195 1992 1212 2040 >
1226 1990 1341 2032 Conf.
1356 1991 1470 2044 supra
1487 1990 1590 2031 Asm.
1605 2003 1639 2031 c.
1658 2004 1722 2045 53,

454 2044 535 2083 ἀπὸ
550 2047 719 2097 χελώνης
739 2046 985 2095 πεποιημένη.
1003 2044 1200 2098 Aristoph.
1215 2045 1318 2085 Nub.
1331 2045 1428 2094 766,
1445 2045 1517 2093 ἀφ’
1531 2041 1573 2085 ’ἧς
1586 2048 1631 2085 ‘rb
1645 2047 1725 2096 πύξ

455 2097 639 2137 ἅπτουσι.
654 2098 725 2138 Sed
739 2100 896 2152 propius
910 2100 1069 2144 accedit,
1086 2099 1206 2138 immo
1220 2099 1333 2152 plane
1342 2098 1545 2152 respondet
1558 2100 1631 2139 hoc
1645 2099 1726 2139 De·

455 2151 660 2192 mosthenis
673 2184 683 2199 ,
706 2153 812 2205 quod
835 2152 963 2205 Steph.
980 2151 1113 2200 affert,
1127 2153 1214 2192 licet
1234 2152 1333 2192 haud
1346 2153 1514 2193 indicato
1534 2153 1643 2201 loco,
1656 2153 1725 2206 qui

455 2205 509 2245 est
521 2205 585 2245 De
600 2206 748 2246 Coron.
764 2207 801 2245 in
815 2206 973 2246 decreto
985 2205 1210 2246 chersones.
1226 2219 1309 2271 pag.
1329 2207 1404 2259 326
1417 2208 1465 2246 A.
1478 2207 1536 2246 ed.
1549 2207 1725 2260 Hervag.

455 2259 705 2307 στεφανοῦσιν
722 2283 767 2290 -
781 2261 952 2309 στεφάνῳ
964 2264 1042 2299 ἀπὸ
1055 2262 1257 2300 ταλάντων
1270 2259 1461 2310 egilmunt.
1478 2260 1625 2300 REITZ.

510 2317 583 2352 ead.
598 2315 622 2353 l.
642 2327 654 2351 r
665 2328 696 2366 3.
709 2312 820 2364 ’Ὑπὲρ
834 2313 941 2366 τοὺς)
955 2313 1056 2354 Cum
1071 2313 1108 2352 id
1120 2327 1140 2352 a
1156 2314 1362 2355 Benedifto
1375 2314 1606 2354 conversum
1618 2313 1726 2360 effer,

453 2368 568 2420 plures
587 2380 704 2420 quam
719 2368 953 2419 quingentos
967 2368 1137 2415 modios,
1154 2367 1340 2420 Guyetus
1353 2367 1594 2421 adscripserat
1604 2397 1618 2417 ,
1635 2381 1726 2409 ver-

457 2421 612 2460 tendum
622 2420 747 2474 supra.
764 2421 914 2462 Rm-z.

510 2476 588 2514 ibid.
604 2480 818 2514 Πεντοωιοσ.
833 2498 904 2506 —
918 2475 962 2514 ἂν
982 2475 1055 2527 εἴη)
1070 2474 1340 2514 Absurdiffima
1353 2474 1459 2523 sunt,
1475 2487 1541 2515 aut
1555 2474 1702 2515 inversa
1713 2504 1727 2523 ,

457 2541 556 2582 quae
576 2529 615 2568 in
640 2529 806 2583 vulgatis
826 2529 911 2584 post
931 2543 1132 2569 orer-roen—
1147 2529 1344 2585 leguntur,
1368 2529 1433 2569 nal
1457 2529 1526 2569 τὴν
1548 2528 1726 2570 ἱππάδα·
