1764 3419
435 249 531 299 434
632 230 1500 280 ANNOTATIONES

437 326 580 373 addita,
596 338 644 365 ex
661 337 741 376 quo
753 322 882 363 rursus
895 322 1008 361 alium
1027 322 1158 361 locum
1175 321 1235 362 hic
1246 322 1397 370 addam,
1411 324 1477 375 qui
1488 323 1544 363 est
1560 323 1603 366 L.
1620 324 1699 373 1113

434 394 473 434 p.
496 393 593 428 410:
611 378 835 429 Ζηνοκράτης
854 375 898 415 δὲ
917 375 932 412 ὅ
952 374 1190 426 Ἐπικούρειος
1211 375 1278 414 τὴν
1297 375 1492 428 ψάλτριαν
1511 374 1558 417 ὦς
1580 374 1695 418 αὐτὸν

437 433 709 486 ἑνηγκαλίζετο
720 460 732 478 ,
753 432 904 481 τακερὶν
930 428 995 466 καὶ
1022 424 1133 481 ὑγρὶν
1157 429 1403 481 προσβλέπων
1433 425 1695 482 ὑπομεμυκόσι

438 486 518 525 τοῖς
533 488 698 535 ϊμμασι.
715 484 858 522 REsz.

492 545 565 578 ead.
579 541 602 576 l.
622 553 659 585 4.
672 538 741 574 Καὶ
762 531 824 574 οὐκ
845 534 902 573 ἔτι
922 533 1063 583 ἐφοίτα
1083 535 1172 587 πρὸς
1183 529 1312 580 αὗτδν,
1327 535 1603 584 φυλάττεσθαι
1620 534 1693 576 ὑπό

436 593 474 631 τ’
486 591 615 642 άνὲρὸς
631 591 701 642 ΜΨ)
710 603 800 627 ovo-a
814 618 824 634 ‚
845 587 1087 636 πεπυσμένου
1098 591 1162 625 τὸν
1177 585 1320 640 ἔρωτα)
1335 589 1440 627 Leve
1461 591 1636 629 mendum
1654 591 1692 629 in

435 645 494 683 his
512 646 615 683 latet.
638 643 711 681 Pro
725 643 790 680 illo
802 641 840 680 τ’
851 640 905 679 est
919 641 982 678 vel
994 638 1064 678 τοῦ
1083 639 1337 679 scribendum:
1355 642 1500 681 nullum
1516 644 1614 681 enim
1632 644 1693 682 hic

436 697 502 735 ista
525 695 664 746 copula
687 696 816 734 locum
837 694 962 732 habet.
976 692 1173 732 Chariclea
1183 722 1197 738 ‚
1219 694 1282 732 ubi
1308 694 1454 733 Dinian
1477 707 1609 736 amore
1636 696 1696 736 sui

435 751 512 788 iam
528 749 733 788 infatuarar
745 779 756 796 ,
771 750 865 786 haud
874 747 1033 800 ampEus,
1049 747 1154 798 quod
1174 757 1261 786 ante
1275 746 1381 786 solita
1401 746 1545 795 fuerat,
1562 752 1612 788 ad
1621 765 1694 789 eum

439 804 605 848 veniebat,
621 803 748 847 dicens,
754 801 793 852 se
803 800 973 853 prohiberi
983 816 1005 836 a
1018 799 1104 847 viro,
1121 800 1177 852 qui
1191 802 1229 838 de
1240 815 1349 838 amore
1358 801 1417 840 illo
1430 801 1694 852 audivfft.Vel

436 857 566 897 Attice
586 856 785 907 legendum
801 853 872 892 ὑπὸ
893 852 992 892 ‘10’th
993 856 1048 904 ρὶς
1064 865 1135 905 pro
1151 851 1224 892 ὑπὸ
1238 852 1306 892 τοῦ
1319 853 1459 906 ἀνδρός.
1475 854 1583 895 IENS.
1599 855 1693 897 ‘Totis

435 910 621 962 τὰνδᾛος)
639 908 762 960 Quod
773 906 872 947 iens.
893 905 1098 958 suspicatus
1112 905 1197 952 est,
1217 906 1252 945 id
1270 905 1382 945 Paris.
1404 908 1461 947 ed.
1484 907 1615 958 habet,
1634 909 1696 950 sed

436 963 511 1003 ὑπὸ
527 964 563 1002 τ’
575 962 720 1012 ἀνδρὸς,
735 963 785 1000 ita
800 971 841 1000 ut
859 973 905 999 ex
921 969 1080 999 accentu
1096 958 1383 1011 praepositionis
1398 961 1526 1000 videre
1541 962 1672 1003 liceret
1683 992 1695 1011 ‚

435 1029 516 1055 non
533 1016 754 1069 particulam
767 1029 813 1053 τε
826 1043 836 1059 ,
852 1012 912 1052 sed
924 1013 1128 1052 articulum
1141 1013 1440 1065 intelligendum:
1457 1027 1578 1066 quare
1591 1014 1696 1069 spiri-

435 1081 518 1110 tum
533 1081 678 1108 tanturn
694 1067 929 1112 sustulimus,
945 1076 987 1106 ut
1000 1067 1422 1119 propiusiungerenrur.
1435 1067 1581 1107 Rffl‘rz.

490 1125 563 1162 ead.
577 1124 600 1161 l.
618 1136 631 1161 1
645 1135 675 1161 1.
688 1120 943 1172 Ἐκυλίνὸετο)
958 1119 1017 1160 Sic
1029 1118 1141 1172 supra
1153 1125 1196 1158 Θ.
1209 1126 1256 1158 Δ.
1273 1119 1391 1158 V11m.
1409 1120 1566 1161 SOLAN.

491 1178 564 1216 ead.
575 1177 599 1214 l.
618 1189 675 1229 13.
689 1173 896 1225 Συνοικίαι)
907 1173 1052 1225 Insulae.
1064 1173 1099 1212 N
1104 1173 1356 1212 imit-um-tales
1369 1174 1499 1225 insulas
1510 1174 1591 1216 five
1605 1187 1694 1215 con-

436 1231 566 1270 iuneta
581 1228 748 1269 aedificia
771 1228 966 1280 intelligit,
984 1226 1116 1279 quales
1129 1226 1292 1265 Sueton.
1310 1225 1416 1266 Caes.
1440 1241 1472 1268 c.
1487 1231 1696 1277 4-1‚.Recen·

431 1283 513 1336 sum
523 1284 645 1336 populi
660 1305 704 1312 —
719 1282 854 1321 vicatim
867 1297 926 1334 per
938 1281 1088 1320 dominos
1103 1280 1288 1332 insularum
1301 1281 1368 1332 egit
1377 1295 1394 1328 ‚·
1415 1282 1482 1320 ubi
1498 1282 1572 1322 vid.
1585 1283 1696 1323 inter-

437 1348 582 1391 pretes:
597 1336 705 1389 plura
719 1337 819 1375 enim
834 1336 872 1373 in
885 1347 925 1374 re
938 1334 1086 1386 vulgari
1099 1346 1307 1386 congerere
1322 1346 1399 1373 non
1413 1334 1529 1374 lubet.
1544 1335 1694 1378 ΚΕΗ-Ζ.

477 1394 562 1430 ¹ead.
576 1391 599 1429 l.
618 1403 676 1442 15·
689 1388 888 1433 Λυσίωνος)
902 1387 960 1427 Sic
973 1388 1080 1427 Salm.
1093 1387 1134 1426 δι
1146 1387 1232 1438 Baſs
1254 1403 1279 1435 4
1290 1417 1301 1434 ‚
1316 1400 1410 1439 quas
1424 1387 1539 1428 secuti
1554 1388 1693 1430 sumus.

436 1443 529 1484 Edd.
546 1455 723 1489 ceterae,
742 1441 833 1481 teste
857 1441 1008 1480 Reitzio
1021 1470 1034 1486 ,
1052 1439 1227 1480 Λύσωνος.
1239 1440 1325 1479 Vid.
1343 1452 1438 1480 nott.
1460 1441 1505 1481 ad
1520 1455 1606 1495 pag.
1618 1457 1694 1494 70,

434 1497 499 1589 Isin.
516 1511 556 1588 51.-
570 1496 642 1536 Sed
661 1495 703 1535 δι
716 1496 754 1534 ἰη
765 1494 930 1536 Gesneri
948 1492 1149 1541 versione,
1165 1506 1237 1547 pro
1261 1493 1418 1547 Lysone,
1439 1495 1614 1548 Lyfionem
1628 1509 1694 1538 -re-

451 1563 505 1591 cri
549 1562 659 1589 rmus.

491 1564 563 1642 egat
577 1604 599 1642 l.
617 1616 672 1653 ¹7·
688 1599 966 1656 Ἐξεκεκένωτο)
982 1601 1021 1642 Ρ.
1042 1601 1081 1641 8(
1095 1601 1137 1642 L.
1151 1600 1264 1642 reete.
1284 1600 1328 1640 In
1343 1601 1496 1655 reliquis
1517 1602 1694 1655 ἐξεκένω-

436 1672 495 1697 σο.
510 1657 668 1697 ΒοιΑΝ.
681 1656 860 1696 Dandum
879 1656 954 1696 hoc
977 1655 1121 1695 Solano
1135 1668 1181 1696 ac
1195 1655 1280 1696 Mis.
1295 1655 1445 1695 duobus
1453 1657 1602 1709 probae
1622 1669 1695 1697 no·-

433 1710 743 1758 tae-existimavi,
756 1710 890 1749 utiam
912 1720 1160 1762 augmentum
1174 1709 1346 1749 adderem
1359 1738 1370 1756 ‚
1386 1710 1494 1762 quod
1513 1711 1596 1751 edd.
1614 1723 1694 1751 non

435 1763 715 1817 agnoscebant3
730 1763 899 1816 alioqui,
920 1763 948 1802 fi
964 1764 1081 1803 modo
1093 1775 1193 1803 unus
1203 1762 1517 1812 Codfhabuiffet,
1538 1776 1619 1804 non
1634 1765 1693 1804 ad·

431 1817 608 1859 didiffem.
622 1818 708 1857 vid.
723 1816 833 1874 supra
844 1817 890 1872 {d
898 1817 1186 1870 συγκεκρότητο
1201 1829 1234 1856 c,
1253 1830 1294 1869 ¹3
1312 1815 1337 1855 f.
1350 1817 1493 1857 RHTz.

491 1873 572 1911 ibid.
581 1870 730 1912 ‘oennsn
741 1873 830 1910 αὐος
844 1872 902 1920 ὴν)
913 1870 1106 1910 Praeclare
1118 1869 1273 1909 illustrat
1286 1872 1384 1910 hanc
1397 1869 1599 1911 formulam
1615 1872 1696 1911 Ku-

433 1925 554 1966 sterus
574 1925 619 1965 ad
633 1924 825 1976 Aristoph.
847 1927 1009 1975 Ξτεσμοφ.
1026 1923 1115 1977 853.
1129 1924 1199 1964 Sed
1213 1924 1382 1963 nondum
1398 1934 1526 1964 tamen
1541 1925 1691 1978 persua·

430 1979 489 2027 sir,
500 1980 548 2018 ibi
561 1991 633 2031 pro
645 1979 760 2017 Ἰλλδς
768 1979 985 2031 γεγένημαι
997 1976 1210 2030 προσδοκῶν
1224 1977 1424 2030 legendum
1437 1977 1510 2018 effe
1521 1979 1623 2018 αὐος.
1635 1978 1694 2018 ln·

434 2043 630 2086 ter-rogat,
645 2033 730 2084 quis
749 2044 917 2084 unquam
937 2032 1000 2070 vel
1013 2032 1102 2083 legit
1115 2031 1178 2070 vel
1193 2031 1365 2078 audivit,
1383 2031 1547 2085 aliquem
1559 2031 1692 2085 exspe-

434 2085 726 2138 &andostrabum
737 2084 876 2124 faEmm
892 2083 1024 2124 fuisse?
1040 2084 1131 2124 Non
1147 2084 1253 2123 lubet
1266 2086 1516 2137 interrogare,
1529 2086 1613 2139 quis
1626 2084 1693 2127 sic·

433 2152 502 2180 cus
524 2139 645 2179 faetus
666 2138 710 2177 s1t
732 2137 1008 2188 exspeeiandm
1028 2137 1092 2177 vel
1113 2148 1291 2177 mortuus
1309 2141 1429 2179 adeo?
1448 2138 1520 2178 Sed
1544 2151 1593 2178 an
1609 2151 1692 2179 non

429 2192 568 2239 solent,
582 2193 649 2245 qui
665 2191 894 2244 exspeftant,
910 2191 1015 2243 quod
1030 2190 1150 2243 ipsum
1167 2191 1329 2231 verbum
1344 2192 1521 2231 Latinum
1538 2193 1690 2241 indicat,

430 2246 654 2299 frequenter
665 2243 797 2284 versus
810 2245 917 2284 illum
931 2245 1064 2284 locum
1078 2244 1263 2298 spefiare,
1283 2246 1385 2285 unde
1397 2256 1602 2286 venturum
1617 2260 1688 2299 pu-

432 2311 517 2340 tant
529 2329 542 2346 ,
562 2313 676 2353 quem
689 2298 871 2350 cupiunt?
885 2299 1025 2338 Nonne
1036 2297 1230 2337 conversis
1243 2298 1306 2338 diu
1318 2299 1431 2339 nimis
1445 2300 1483 2338 in
1499 2312 1617 2340 unum
1632 2300 1688 2340 lo·

432 2367 522 2394 cum
540 2353 660 2393 oculis
677 2359 749 2404 (ut
764 2352 826 2391 illa
839 2353 938 2405 apud
957 2352 1165 2392 Horatium
1182 2363 1301 2392 mater
1318 2368 1422 2392 curvo
1436 2353 1625 2404 necfitciem
1637 2353 1688 2392 li·

431 2420 502 2446 tore
514 2406 681 2459 demovet)
697 2417 821 2445 metus
833 2405 885 2445 est
894 2435 904 2449 ,
919 2419 966 2444 ne
979 2406 1062 2458 quis
1076 2404 1220 2445 strabus
1233 2405 1298 2445 fiat
1310 2405 1324 2444 ?
1336 2406 1424 2445 Alia
1437 2407 1510 2446 iam
1525 2417 1688 2459 praeter-

431 2461 566 2507 mitto,
580 2459 780 2515 quaenihil
794 2460 838 2498 ad
853 2459 1081 2499 Lucianum:
1096 2460 1136 2500 δι
1149 2471 1196 2498 ne
1209 2460 1299 2499 haec
1311 2459 1475 2511 quidem.
1487 2459 1614 2500 GESN.

449 2533 453 2537 ·
485 2515 562 2554 ibid.
575 2515 666 2555 Αὑος
682 2512 740 2567 ἦν)
753 2511 897 2554 Confer
910 2512 1020 2566 supra
1034 2513 1136 2555 Tim.
1147 2525 1180 2553 c.
1196 2511 1219 2554 8
1233 2526 1284 2555 m.
1298 2513 1347 2553 Et
1359 2513 1456 2554 Mer.
1469 2512 1574 2554 Dial.
1589 2513 1686 2556 XIV
