1764 3419
293 234 1125 285 LECTIONES..
1216 245 1306 303 355

54 327 84 368 I.
103 329 154 366 H.
173 328 214 366 Ρ.
230 328 305 368 &c.
321 327 450 369 rvus'm
465 327 503 366 Ρ.
553 321 649 379 Pag.
669 325 752 364 181.
768 326 791 364 l.
813 338 870 364 10.
886 324 1050 376 Ὀθόνην)
1066 324 1156 363 Vid.
1174 337 1306 366 notam

52 382 193 421 Solani.
232 383 255 421 l.
270 396 326 433 13.
342 381 467 420 Πειθὼν
481 381 497 433 )
509 379 633 430 μαθὼν
648 391 765 431 marg.
778 380 829 416 A.
846 393 859 417 1
884 381 939 417 IV.
977 379 1000 416 l.
1021 375 1231 430 16.“Ὠστε)
1252 380 1307 418 [ta

53 435 152 474 τεξὶε
166 435 218 473 Fl.
234 437 286 473 H.
303 435 346 473 Ρ.
363 430 566 486 διε.“Ὠσ·γε
584 433 679 472 male
694 433 723 471 I.
760 434 834 472 ead.
848 430 962 484 Ὑπὸ)
978 431 1026 470 Et
1043 431 1093 470 fic
1107 430 1180 470 effe
1199 432 1235 470 in
1251 435 1305 471 Fl.

51 489 210 527 notabat
231 488 356 528 Solan.
374 488 438 526 Est
457 487 497 526 δι
516 491 554 525 in
577 497 664 525 cett.
706 486 796 536 Pag.
816 484 898 523 182.
913 487 936 524 l.
956 499 1012 532 ¹4·
1025 483 1306 537 Ἀνυπὸἓηπς)

52 542 113 582 Sic
131 543 203 580 iam
224 542 305 581 edd.
322 554 411 580 cum
431 540 542 592 supra
557 540 630 579 hoc
641 539 741 578 Dial.
761 539 837 584 bis,
851 549 909 577 ter
924 539 1103 577 haberent
1119 540 1307 578 ἀνυπόὲε·

54 607 130 634 τος·
145 597 250 647 quod
269 595 452 646 posterius
467 594 582 632 etiam
606 592 771 645 adscript.
793 594 833 631 in
852 605 969 645 marg.
989 593 1041 630 A.
1060 603 1091 631 1.
1138 594 1209 630 ead.
1223 594 1307 631 Πίι-

51 648 137 701 λιν)
162 648 336 687 Restitut.
364 661 411 686 ex
434 649 475 686 L.
501 647 606 685 Πάνυ
628 646 708 685 edd.
731 647 877 697 priores
897 658 1042 684 omnes.
1109 645 1196 699 Pag.
1217 645 1304 699 183.

50 702 74 740 l.
88 717 120 754 3.
136 699 274 754 Ὅπου)
290 702 373 740 ’ὁποι
394 701 449 739 Fl.
480 701 502 739 l.
518 700 552 738 8.
572 701 640 738 Καὶ
656 699 712 751 ὃς)
725 699 786 738 Sic
801 699 838 738 P.
857 711 944 738 cum
962 701 990 737 I.
1004 699 1089 737 Αἶά.
1104 698 1149 737 P.
1164 700 1217 738 H.
1231 700 1305 739 &c-

49 754 89 793 ‘O
105 755 148 794 s&
166 757 219 794 Fl.
272 756 294 794 l.
316 769 371 794 ιι.
384 753 720 805 Ἀκινὲυνὸτιιτοὴ
738 753 797 792 Sic
820 753 903 791 edd.
927 752 1049 797 reRe,
1069 764 1232 804 excepta
1253 754 1307 793 Fl.

49 821 147 861 quae
167 807 483 848 anavswmmov.
538 809 560 845 l.
586 807 758 859 ις.Ἐττ’)
788 806 905 845 Deest
930 807 969 844 in
989 803 1031 843 P.
1053 805 1170 844 Adest
1194 807 1232 845 in
1251 808 1305 846 Fl.

50 861 213 913 aliisque.
268 863 289 900 l.
311 876 369 909 17.
384 860 594 913 Ἐπέέωκε)
615 859 805 900 Constans
826 859 908 898 edd.
927 859 1052 898 Ιεξὶίο.
1105 859 1196 909 Pag.
1220 860 1303 907 184.

49 915 72 954 l.
89 929 119 965 5.
137 914 256 964 Κᾲκεῖ
269 916 339 968 με)
361 914 520 964 &insius
536 915 563 953 I.
618 915 640 951 l.
656 915 689 952 6.
705 913 940 964 Ἐξαναστὰς
954 917 971 963 )
991 913 1139 952 ἐπαν-
1160 912 1228 951 Ex.
1253 915 1306 953 Fl.

50 969 220 1021 Vulgata
241 982 336 1008 vero
357 968 409 1007 est
424 970 460 1006 in
478 967 516 1007 P.
572 969 596 1005 l.
613 967 671 1005 18.
685 967 898 1020 Ἀνώγων)
920 967 980 1006 Sic
998 966 1214 1005 emendavit
1235 965 1308 1006 So-

15 1026 17 1028 ’
48 1022 120 1061 lan.
143 1036 229 1062 cum
248 1022 447 1073 vulgatum
473 1021 560 1060 effet
577 1021 744 1074 ἀνέγεον.
768 1022 860 1060 Item
883 1033 974 1059 mox
996 1019 1092 1059 male
1110 1020 1307 1068 ἀπὸὶιειιιν,

49 1087 91 1115 ut
105 1077 248 1126 reliqua
260 1076 335 1123 sex,
348 1076 488 1128 septem
503 1086 659 1126 typogr.
677 1073 882 1124 sphalmata
895 1087 916 1112 a
933 1086 992 1112 me
1004 1073 1177 1113 correcta
1189 1075 1308 1112 omit-

49 1138 137 1168 tam.
155 1131 264 1181 Reitz.
321 1131 410 1182 Pag.
430 1128 513 1178 185.
533 1130 555 1166 l.
570 1129 605 1167 6.
621 1129 841 1180 Πέμπουσι)
861 1127 1041 1177 ἔπεμψαν
1062 1140 1180 1178 marg.
1201 1128 1249 1165 A.
1273 1141 1306 1166 1.

49 1185 71 1221 l.
87 1183 122 1222 8.
135 1183 367 1235 Ἐπέὸωκοιν)
389 1181 610 1234 παρέὸωκαν
624 1180 670 1225 P.
696 1182 736 1221 δι
753 1194 870 1231 marg.
893 1183 940 1218 A.
964 1193 994 1219 1.
1030 1181 1052 1218 l.
1071 1195 1128 1219 12.
1142 1181 1183 1218 ‘O
1197 1181 1308 1233 ἑμὸς)

49 1236 108 1276 Sic
125 1237 199 1275 iam
213 1237 296 1276 edd.
321 1238 441 1276 Aliter
463 1236 575 1288 supra
593 1248 625 1274 c.
640 1249 687 1287 39
702 1234 767 1274 fin.
823 1235 912 1286 Pag.
934 1234 1014 1272 186.
1032 1235 1055 1272 l.
1076 1247 1106 1272 1.
1129 1233 1198 1271 Καὶ
1217 1230 1306 1287 εἶχε

48 1291 113 1329 καὶ
125 1290 298 1340 &semsw
313 1290 330 1343 )
352 1291 414 1328 καὶ
429 1286 536 1344 εἶχεν
552 1288 722 1339 ἀδελφὸν
739 1289 796 1325 Fl.
834 1289 856 1326 l.
874 1303 907 1341 3.
923 1282 1084 1339 Ταῦτῷ)
1107 1286 1212 1325 Nihil
1225 1300 1308 1325 mu-

50 1355 103 1383 tat
116 1345 169 1384 Fl.
199 1345 289 1395 Pag.
306 1343 392 1393 187.
407 1345 432 1382 l.
450 1359 484 1382 2.
499 1341 587 1394 Τῆς)
600 1345 675 1382 τὰς
687 1342 756 1381 Ex.
771 1342 825 1379 Fl.
840 1342 943 1381 Nihil
963 1354 984 1379 a
1002 1341 1156 1393 vulgata
1170 1341 1246 1379 abit
1266 1340 1308 1380 P.

48 1400 119 1437 ead.
135 1400 190 1436 T&
199 1398 268 1448 μὲν
281 1397 435 1450 πρῶτοι)
450 1400 495 1436 τὺ
507 1397 576 1446 μὲν
589 1395 733 1448 πρῶτον
748 1396 801 1433 Fl.
814 1392 1076 1446 Ταμενπρεῧτα
1087 1407 1170 1433 uno
1183 1394 1308 1434 verbo

49 1453 79 1490 Ι.
96 1452 148 1490 Η.
167 1455 205 1490 S.
221 1452 281 1491 hic
294 1451 334 1490 &
346 1451 488 1490 deinde.
499 1450 644 1490 Tribus
656 1449 784 1489 verbis
793 1449 840 1488 B.
858 1462 891 1488 1.
906 1449 947 1488 Ρ.
960 1448 1008 1487 Et
1021 1447 1071 1488 fic
1081 1449 1137 1486 Fl.
1154 1449 1190 1486 in
1206 1447 1308 1501 seqq.

49 1506 72 1543 l.
88 1521 123 1553 4.
137 1505 436 1558 Ἀναίσχυντον)
454 1504 686 1557 ἁνέσχυντον
709 1503 805 1542 male
822 1504 851 1541 I.
908 1503 931 1540 l.
948 1515 1003 1541 10.
1018 1502 1309 1553 Δαπανώμενοι)

49 1558 107 1598 Sic
122 1560 175 1597 Fl.
200 1559 244 1598 P.
259 1561 313 1599 H.
326 1560 399 1598 διε.
416 1561 675 1608 Δοιποινὸμενοι
689 1559 720 1596 Ι.
775 1559 848 1595 ead.
862 1551 995 1604 ’[οιῦτῷ
1009 1555 1024 1608 )
1039 1550 1141 1605 αὗτῷ
1159 1556 1228 1594 Ex.
1248 1556 1307 1595 Fl.

49 1613 114 1652 Nil
135 1623 228 1652 mut.
243 1612 282 1652 P.
336 1614 409 1651 ead.
425 1611 553 1664 Μέτρῳ
564 1611 581 1664 )
592 1610 716 1663 μετρῶ
733 1610 830 1649 male
845 1611 876 1648 I.
926 1610 948 1648 l.
968 1623 980 1647 1
991 1624 1023 1648 2.
1041 1609 1310 1661 Προελθὸντες)

50 1665 228 1706 Restitut.
245 1679 293 1706 ex
314 1667 370 1704 Fl.
396 1664 661 1717 Προσελθὸντες
678 1664 761 1703 edd.
778 1675 866 1703 cett.
921 1663 943 1701 l.
965 1677 1023 1714 13·
1038 1661 1136 1710 ’0πῇ
1156 1677 1231 1702 τινι
1248 1665 1310 1707 ,τὰ

48 1720 110 1770 ’όμ,
125 1718 193 1759 τῆς
213 1719 345 1773 θύρας)
362 1720 568 1771 Vulgatam
592 1718 690 1757 hanc
705 1718 817 1756 etiam
835 1716 959 1757 effein
981 1717 1033 1755 Fl.
1050 1726 1157 1755 notat
1180 1715 1312 1758 Solan.

51 1775 142 1826 Pag.
161 1773 244 1813 188.
261 1775 284 1812 l.
306 1787 362 1813 12.
380 1773 451 1812 Μὲν
463 1771 590 1826 γάρῳ)
601 1772 669 1822 μὲν
688 1771 723 1810 ἐν
738 1771 845 1825 γάρῳ
863 1769 951 1810 Pell.
978 1774 1050 1809 ead.
1067 1771 1311 1819 Κατακειμὲ-

48 1827 150 1880 γους)
171 1827 230 1867 Sic
251 1827 336 1867 edd.
361 1839 508 1867 omnes.
554 1826 578 1864 l.
598 1825 857 1877 16.’Hpa'o·wv)
872 1823 1038 1876 ᾖρίστουν
1055 1823 1123 1862 Ex.
1138 1823 1192 1861 Fl.
1211 1823 1314 1862 Vul-

51 1892 174 1934 gatam
189 1880 315 1921 firmat
334 1880 373 1920 P.
411 1881 501 1932 Pag.
520 1878 603 1932 189.
619 1880 641 1917 l.
658 1892 691 1917 2.
707 1878 878 1931 ”Επινον)
894 1878 997 1917 ἔπιον
1011 1878 1064 1918 Fl.
1092 1878 1115 1915 l.
1132 1891 1164 1929 3.
1177 1875 1312 1930 Ὁρῶν)

49 1934 167 1974 Deest
185 1935 222 1974 in
239 1935 292 1973 Fl.
350 1935 373 1974 l.
388 1933 423 1973 6.
436 1932 668 1985 Νεανίσκων)
685 1932 860 1981 νεανίσκῳ
877 1933 930 1970 Fl.
955 1930 1026 1970 Sed
1046 1930 1182 1970 eodem
1200 1931 1310 1969 redit.

52 1989 141 2042 Pag.
162 2002 248 2040 ¹90·
263 1989 287 2027 l.
304 2001 334 2026 ι.
351 1988 403 2027 Ἐν
425 1987 564 2041 καιρῷ)
579 1987 672 2026 Non
687 1986 801 2025 habet
813 1987 848 2024 F
848 1988 871 2025 l.
900 1986 924 2024 l.
942 1999 976 2023 2.
990 1984 1074 2024 Τοῖς
1089 1983 1314 2037 ὀφθαλμοῖς)

51 2044 140 2081 τοὺς
151 2041 355 2094 ὀφθαλμοὶς
367 2042 420 2080 Fl.
474 2042 498 2079 l.
510 2054 546 2091 7.
562 2038 682 2081 Σκευίτ
699 2062 744 2069 -
761 2038 998 2091 πολυτελὴς)
1017 2037 1130 2077 σκεύη
1148 2050 1315 2077 πολυτε-

54 2094 103 2136 λιῗ
111 2097 165 2134 Fl.
193 2097 216 2135 l.
231 2096 265 2134 8.
277 2095 579 2144 Ἐστιῖἐάιλλομοιι)
593 2094 884 2143 ἐπιβαλλέμενα
898 2093 954 2131 Fl.
982 2093 1006 2132 l.
1022 2106 1056 2143 9.
1071 2091 1143 2130 Καὶ
1155 2091 1316 2146 χρυσῷ)

53 2148 168 2189 Deest
182 2151 218 2189 in
236 2151 290 2188 Fl.
318 2151 340 2188 l.
365 2163 380 2187 1
393 2163 424 2187 ¹.
437 2147 726 2199 Ἐκφωνοῦντες)
747 2145 1004 2197 ἑμφωνεῦντες
1017 2145 1072 2185 Fl.
1101 2147 1123 2184 l.
1141 2160 1200 2198 13.
1214 2149 1316 2199 Παρ-

54 2202 150 2254 έξειν
163 2203 179 2256 )
192 2201 358 2256 παρέξω
380 2215 495 2254 marg.
514 2202 562 2239 Α,
580 2216 613 2240 1.
670 2201 759 2252 Pag.
778 2215 862 2252 192.
887 2201 909 2238 l.
926 2201 961 2239 6.
973 2199 1318 2251 'wamba-eoam)

52 2257 114 2296 Sic
131 2258 158 2297 I.
172 2258 224 2296 H.
240 2258 326 2296 Ald.
341 2259 379 2296 S.
397 2257 453 2295 Fr.
466 2253 789 2294 'Avmoeboemzaa
804 2255 858 2292 Fl.
871 2254 918 2292 B.
936 2267 967 2291 1.
982 2253 1025 2292 P.
1084 2254 1106 2291 l.
1123 2267 1159 2306 9.
1174 2252 1315 2303 Ἦμᾶς)

53 2310 207 2350 Omittit
221 2312 278 2349 Fl.
306 2311 330 2350 l.
350 2307 677 2361 19..Ἒκεκόμιστο)
693 2305 790 2347 ἧκεν..
810 2308 865 2345 Fl.
908 2309 1002 2355 l.‘14.
1019 2306 1116 2359 Που)
1136 2307 1226 2346 Non
1248 2307 1316 2345 ha-

53 2365 116 2404 bet
131 2366 187 2403 Fl.
258 2366 347 2414 Pag.
378 2377 462 2416 193.
484 2364 506 2401 l.
527 2377 560 2415 3.
582 2360 909 2414 Ἐνέπλησεν)5ἰς
932 2360 1013 2400 edd.
1035 2371 1194 2413 excepta
1220 2360 1249 2399 I.
1275 2360 1315 2398 &

59 2419 101 2456 V.
118 2432 151 2457 2.
168 2418 238 2457 Sed
256 2420 338 2456 Ald.
360 2431 389 2456 1.
405 2417 598 2468 vulgatam
617 2415 754 2455 servat.
802 2416 826 2454 l.
846 2430 878 2465 5.
894 2414 1184 2466 Ἐπιλοιβομένη)
1203 2414 1315 2458 λαβο-

52 2472 144 2522 μένη
160 2473 214 2511 Fl.
241 2473 264 2510 l.
282 2485 318 2515 7.
332 2471 498 2523 Πολλῷ)
513 2469 631 2510 Deest
643 2469 680 2507 in
697 2469 750 2508 Fl.
765 2469 881 2508 Adest
896 2469 934 2507 in
947 2478 1035 2507 cett.
1052 2468 1092 2507 &
1106 2467 1145 2506 Ρ.
1173 2468 1196 2507 l.
1213 2466 1248 2507 8.
1259 2467 1315 2504 Tc}

55 2527 174 2580 χρωτὶ
188 2525 204 2578 )
217 2525 318 2566 Nihil
335 2536 487 2566 mutant
500 2523 584 2564 edd.
637 2523 661 2563 l.
678 2523 736 2563 16.
747 2523 843 2577 Γᾶς)
859 2522 1092 2614 Remus-{⁰¹¹¹
1105 2533 1153 2560 ex
1165 2519 1205 2559 P.
1220 2519 1261 2559 &
1277 2520 1316 2559 L.
