1764 3419
432 229 525 290 488
624 228 1491 276 ANNOTATIONES

434 308 617 350 δείπνητο
637 306 779 356 αὐτοῖς,
799 308 949 348 &infra
965 309 1038 348 hoc
1052 308 1173 348 Asino
1189 322 1222 350 c.
1236 324 1283 363 39
1298 309 1324 348 f.
1338 311 1402 350 καὶ
1413 309 1526 349 τοῦτό
1536 325 1601 361 μοι
1613 309 1685 351 ἷίδκ·

435 362 678 414 πεπράξεται
691 392 702 410 ,
725 363 813 402 item
830 374 888 414 ap.
912 361 1099 414 Aristoph.
1119 360 1204 402 Pac.
1219 376 1260 400 v.
1277 363 1376 402 1260
1389 392 1401 408 ,
1420 363 1542 412 τούτῳ
1556 362 1685 404 ὤνησο·

434 431 508 467 μαι
521 446 534 462 ,
549 429 619 468 pro
631 417 737 468 παρὰ
749 415 881 455 τούτου
893 444 905 462 ,
920 416 1054 454 iterum
1067 416 1165 467 apud
1178 415 1302 455 Nostr.
1320 415 1414 455 infra
1426 416 1509 456 Iov,
1522 416 1638 470 Trag.
1652 431 1688 456 c.

435 483 462 520 7
477 483 530 521 pr.
543 469 683 519 ἄριστα
701 466 920 520 κεκήρυκταί
942 483 1023 513 σοι,
1049 468 1087 507 δι
1110 469 1171 507 vel
1190 469 1330 508 centies
1344 470 1448 509 aiibi:
1468 470 1531 509 hic
1558 481 1685 511 tamen

436 534 593 576 propter
616 522 775 561 alterum
793 521 961 560 dativum
977 523 1214 561 accedentem
1230 522 1352 562 minus
1373 523 1575 562 commode
1594 536 1686 575 pro·

436 576 585 615 cederet
600 575 664 614 illa
676 575 832 614 locutio.
847 574 950 625 Lego
965 575 1013 613 ita
1043 588 1089 613 ue
1104 576 1209 626 παρὰ
1220 575 1292 614 τῶν
1304 574 1552 625 κεκτημένων,
1570 575 1588 629 (
1602 576 1688 615 licet

437 628 534 668 Cod.
553 628 592 667 L.
606 627 790 680 scriptura
804 627 1007 666 tolerabiiis
1035 628 1096 680 it.)
1116 627 1177 667 De
1190 628 1371 680 potestate
1384 642 1480 668 vero
1500 629 1687 681 participii

437 682 662 730 κεκτημένος
674 682 749 719 vid.
764 680 932 732 Alciphr.
945 680 998 719 111
1010 709 1021 725 ,
1035 680 1144 733 Epist.
1158 681 1220 733 63,
1232 681 1370 733 Spanli.
1383 683 1429 720 ad
1442 682 1689 734 Aristophan-

439 734 535 774 PIut.
551 748 589 772 v.
612 749 654 779 4,
673 735 870 773 docentem
883 764 894 780 ,
913 734 1036 776 aftive
1050 734 1088 773 &
1100 733 1241 786 paffive
1255 736 1396 784 accipi,
1409 736 1453 774 de
1472 736 1630 775 domino
1643 747 1690 774 ac

439 789 485 827 de
501 786 624 826 servo.
642 787 809 827 Eundem
825 786 868 825 ad
883 801 919 824 v.
935 801 976 834 7,
990 787 1054 827 ubi
1067 788 1111 826 ‹ie
1126 787 1320 837 ἐωνημένος
1334 789 1372 828 &
1386 793 1605 838 κεκτημένος
1619 789 1689 828 du·

440 840 526 895 plici
543 839 724 892 potestate
734 871 745 889 ‚
760 841 847 892 agit.
864 839 978 880 Conf.
991 840 1099 892 supra
1111 841 1221 880 huius
1233 840 1380 881 fabulae
1393 854 1427 881 c.
1443 854 1456 879 ι
1471 855 1484 880 ι
1502 841 1526 881 f.
1543 842 1687 882 Rmrz.

435 931 438 933 .
493 897 567 935 ead.
584 895 607 932 l.
625 908 638 933 1
649 909 683 933 2.
695 889 958 946 Τοῦπτοινεΐον)
972 898 1018 932 T'o
1031 893 1217 934 ἱπτανεῖον
1237 895 1386 936 videtur
1399 894 1503 935 fuisse
1517 896 1557 934 in
1570 896 1600 935 1.
1616 895 1689 936 Sed

439 948 566 989 Solan.
583 960 630 987 ex
645 949 729 987 aliis
743 947 905 986 mutavit
921 947 959 985 in
973 944 1111 989 τοῦπτ.
1130 947 1276 988 ΒΕΙΤΖ.

494 1003 529 1040 in
544 1003 659 1040 Schol.
674 999 833 1054 Δοχεῖον
850 999 1031 1048 >Referri
1054 1001 1145 1039 haec
1164 1002 1301 1041 debent
1325 1001 1528 1042 necess‘ario
1547 1003 1592 1041 ad
1618 1015 1693 1042 vo-

441 1068 522 1095 cem
536 1050 797 1100 τοῦπτανεῖον,
809 1054 985 1106 quamvis
997 1055 1035 1093 in
1047 1053 1204 1095 Scholiis
1223 1068 1302 1095 non
1314 1068 1544 1108 compareat.
1562 1055 1604 1095 In
1617 1056 1691 1096 Ex.

446 1110 491 1148 G.
515 1108 630 1148 exstat
650 1107 835 1148 πτανεῖον.
853 1107 1010 1147 SOLAN.

497 1163 585 1215 Pag.
607 1163 724 1210 1641.
744 1160 874 1201 ι.Τοιῖς
895 1160 1030 1215 ἀγελ.)
1049 1161 1109 1201 Sic
1122 1161 1327 1201 neceffario
1343 1175 1432 1201 cum
1453 1161 1491 1201 P.
1516 1162 1558 1202 δε
1579 1163 1616 1202 S.
1640 1163 1693 1202 le-

443 1217 608 1268 gendum
623 1246 632 1261 ,
648 1229 710 1255 aut
733 1215 812 1256 τοῖς
826 1215 1036 1267 ἀγελαίοις,
1058 1226 1100 1254 ut
1115 1216 1155 1254 in
1170 1216 1223 1256 fl.
1241 1215 1297 1255 ed.
1317 1215 1485 1264 est3non
1508 1229 1602 1256 vero
1615 1247 1627 1264 ‚
1649 1229 1692 1256 ut

436 1271 480 1319 *in
496 1270 650 1321 reliquis
662 1300 673 1314 ‚
689 1268 766 1309 τοῖς
789 1268 1005 1322 dynamis.
1023 1268 1180 1308 SOLAN.

497 1326 570 1362 ead.
585 1324 609 1361 l.
622 1339 657 1370 4.
671 1324 725 1362 Ἐν
741 1325 804 1370 ὀνῳ
819 1321 1018 1374 δικαστῇ)
1035 1322 1111 1361 Vix
1125 1322 1258 1362 dubito
1273 1321 1407 1362 dediffe
1421 1321 1615 1362 aucitorem
1630 1320 1692 1362 ἐπ’

442 1377 523 1426 ’όνῳ.
547 1377 656 1417 Hanc
678 1377 779 1415 enim
805 1374 1146 1428 praepositionem,
1172 1389 1251 1415 non
1275 1375 1429 1415 alteram
1454 1376 1504 1421 ἐν,
1528 1377 1614 1417 huic
1638 1377 1692 1416 rei

443 1429 551 1484 quasi
570 1432 783 1483 propriam,
804 1429 986 1481 exemplis
1001 1429 1162 1480 probare
1177 1429 1265 1468 nihil
1279 1431 1423 1468 attinet.
1443 1429 1573 1470 GESN.

496 1487 568 1522 ead.
586 1485 608 1521 l.
623 1482 657 1521 8.
672 1482 741 1523 Ϊὺν
757 1482 914 1537 άγελην)
929 1483 1020 1522 Non
1040 1482 1160 1522 solum
1184 1483 1274 1522 illud
1297 1483 1348 1523 εἰς
1367 1494 1453 1522 ante
1470 1483 1614 1536 ἀγέλην
1627 1483 1693 1523 ab·

443 1535 516 1576 effe
534 1537 650 1583 volo,
667 1550 822 1588 propter
839 1537 1014 1589 proxime
1034 1535 1191 1589 sequens
1205 1537 1268 1576 εἰς·
1290 1536 1349 1575 sed
1362 1537 1401 1576 δι
1413 1537 1609 1576 articulum
1624 1536 1694 1577 την

444 1590 592 1630 auferre
612 1591 740 1629 malim
754 1621 765 1636 ‚
783 1603 824 1629 ut
844 1589 887 1629 sit
910 1590 1075 1631 adverbii
1101 1603 1208 1629 more
1221 1589 1368 1644 ἀγέλην
1385 1591 1611 1630 catervatim
1625 1621 1637 1639 ‚
1650 1602 1694 1631 ut

444 1646 546 1697 apud
562 1645 709 1684 Aelian.
720 1645 759 1683 in
775 1643 868 1683 Hist.
885 1644 960 1682 An.
974 1656 1052 1683 non
1069 1642 1192 1683 semel.
1205 1643 1345 1683 REITz.

439 1740 441 1742 ,
497 1701 571 1738 ead.
584 1698 606 1736 l.
623 1711 659 1750 9.
675 1695 870 1746 Κανδαύλῃ
885 1696 900 1751 )
915 1698 1012 1737 Vide
1033 1697 1221 1738 Herodot.
1237 1697 1269 1747 ,1.
1294 1697 1449 1737 SOLAN.
1471 1697 1576 1738 Nota
1592 1697 1696 1744 Can-

444 1751 563 1791 daulis
577 1752 727 1791 historia
738 1782 748 1798 ‚
766 1765 787 1791 a
804 1751 923 1804 Gyge
941 1751 1071 1792 uxoris
1086 1750 1172 1791 suae
1192 1749 1287 1790 iussu
1304 1751 1505 1791 interemti.
1521 1751 1590 1792 Sed
1605 1751 1696 1804 quid

442 1804 563 1844 simile
581 1805 669 1844 huic
692 1805 818 1853 asino,
833 1816 896 1844 aut
913 1803 1247 1858 Lucio‚·contigit?
1262 1805 1401 1844 Utrum
1417 1806 1623 1845 memoriae
1637 1807 1698 1845 vi-

442 1860 499 1898 tio
513 1858 744 1899 Candaulem
761 1859 971 1898 nominavit
985 1858 1134 1904 au&or,
1149 1871 1237 1898 cum
1250 1858 1393 1910 Gygen
1407 1859 1579 1898 deberet?
1596 1859 1697 1901 hunc
1731 1859 1735 1862 ⁴

443 1913 596 1965 quidem
613 1913 788 1952 muliebri
810 1913 994 1964 imperio,
1009 1913 1129 1952 mariti
1151 1912 1263 1965 ipsius
1286 1913 1418 1964 culpa,
1433 1911 1535 1966 quasi
1559 1914 1698 1953 manci-

443 1976 576 2019 patum
604 1967 807 2013 novimus,
837 1966 1100 2016 obie&amque
1125 1977 1192 2005 aut
1217 1966 1400 2005 moriendi
1420 1965 1667 2007 neceffitatem
1682 1997 1698 2014 ,

436 2030 512 2063 ,aut
533 2021 766 2059 interimendi
791 2019 1004 2059 Candaulis.
1025 2019 1279 2072 Quamquam
1296 2033 1343 2058 ne
1362 2021 1411 2060 sic
1424 2020 1574 2072 quidem
1595 2021 1700 2073 inge-

443 2075 550 2114 nium
572 2072 763 2125 scriptoris
781 2073 959 2125 agnosco.
979 2074 1043 2112 An
1060 2073 1171 2125 plane
1185 2073 1286 2113 aliud
1306 2073 1366 2112 hic
1383 2074 1472 2113 latet
1485 2103 1499 2120 ‚
1511 2086 1698 2126 corrupto

442 2128 601 2167 nomine
619 2126 816 2176 Κανδαύλῃ
830 2141 841 2174 ;
854 2126 978 2167 (ΞΕΒΝ.
997 2126 1138 2167 Forsan
1159 2127 1199 2168 &
1218 2126 1276 2166 hic
1293 2128 1474 2176 Ταντάλῳ
1490 2127 1634 2180 legend.
1653 2140 1698 2168 ut

444 2180 510 2222 Bis
524 2180 619 2221 Ace.
635 2194 667 2221 c.
684 2195 745 2228 21,
763 2192 893 2219 monet
905 2180 933 2219 Ι.
952 2180 1129 2219 LWetst.
1149 2180 1192 2219 In
1208 2180 1330 2220 Codd.
1346 2181 1398 2219 nil
1419 2181 1505 2232 opis
1524 2181 1699 2222 invenio.

445 2234 593 2275 REITZ.
607 2232 696 2286 Xpsiv
711 2235 789 2289 ’γὰρ
808 2230 1007 2283 Κανδαύλῃ
1064 2236 1211 2273 evis-&ou
1239 2233 1377 2280 κακῶς,
1398 2233 1587 2274 Herodot.
1605 2234 1642 2283 I,
1660 2235 1697 2275 8.

445 2287 570 2340 Quod
593 2288 778 2327 imitatum
797 2287 1005 2327 Lucianum
1028 2248 1204 2339 {ripfiffe
1218 2283 1344 2339 Eho-wey
1366 2287 1559 2339 Κανδαύλῃ
1582 2287 1700 2340 κᾴμοὶ

444 2341 628 2398 γενέσῑπαι
642 2341 766 2381 κακῶς
781 2342 852 2382 ἃς.
865 2340 1074 2393 suspicatur
1086 2341 1133 2380 cl.
1147 2341 1190 2381 B.
1206 2341 1251 2382 de
1265 2341 1357 2381 Ball.

497 2398 568 2434 ead.
582 2396 605 2434 l.
619 2409 632 2433 1
643 2409 675 2434 2.
689 2394 815 2446 Κριθὲις
833 2394 925 2434 ’ὅλοις
937 2398 956 2445 )
979 2396 1068 2434 Hoc
1086 2395 1125 2434 δι
1141 2395 1244 2446 quod
1264 2394 1431 2448 sequitur
1445 2395 1578 2446 μάζας
1593 2394 1700 2443 ὅλοις,

444 2448 474 2489 fi
488 2447 646 2500 scriptor
663 2448 752 2488 effet
765 2448 883 2488 tersus
894 2477 908 2494 ‚
927 2448 1017 2487 mihi
1031 2447 1194 2500 suspeaa
1209 2447 1354 2496 forent3
1376 2449 1434 2488 sed
1457 2450 1497 2488 in·
1508 2450 1584 2492 hoc
1601 2462 1700 2505 opu·

441 2501 546 2546 sculo
562 2502 681 2548 multa
693 2502 777 2545 sunt
787 2502 961 2558 imperite
973 2502 1016 2560 δι’
1027 2501 1154 2553 inscite
1168 2501 1313 2557 scripta.
1328 2503 1488 2559 Somn-
