1764 3419
296 264 365 309 IN
400 264 702 310 SOMNIUM
735 265 846 312 SEU
881 266 1155 315 GALLUM.
1260 275 1340 336 581

90 346 296 407 pendeant,
312 349 351 389 δι
365 349 456 389 nihil
471 349 690 404 significant.
706 352 776 392 Sed
791 365 839 392 ex
853 351 924 393 Ms.
938 352 1029 392 haec
1042 355 1182 393 iactura
1195 359 1346 410 egregie

90 398 255 448 sarcnur,
272 403 337 454 qui
352 403 391 442 in
405 405 596 456 prioribus
609 418 728 444 unum
750 418 816 445 aut
828 407 934 458 plura
958 407 1074 445 verba
1102 408 1244 458 periisse
1259 411 1345 450 luce

90 454 298 512 meridiana
311 456 445 497 clarius
456 457 615 497 ostendit
627 488 640 505 ‚
652 460 826 511 quamvis
839 460 879 498 &
895 458 970 512 ipsa
982 460 1171 511 συνέχεια
1185 462 1225 500 &
1246 465 1345 502 ratio

89 507 176 545 latis
189 508 336 548 indicet.
353 509 413 549 Sic
426 522 554 550 aurem
577 513 612 550 in
636 523 765 551 vetere
779 513 920 552 Codice
943 513 1002 552 hic
1023 514 1131 553 locus
1151 513 1343 554 scribitur:

88 559 188 616 ’ἐπεὶ
207 560 252 599 sk
275 561 438 602 ἀπέθανε
452 565 587 615 πρώην,
601 562 764 604 ἅπαντα
778 566 900 605 ἐκεῖνα
914 569 1021 605 κατὰ.
1041 567 1128 606 τοὺς
1141 568 1266 617 νόμους
1280 569 1344 608 καὶ

90 627 150 653 νυν
169 611 301 654 ἐκεῖνος
316 615 331 653 ὃ
347 619 399 654 τὰ,
411 617 527 669 ῥάκια
540 619 845 670 περιβεβλημένος
857 622 911 658 τα
923 622 1074 671 πιναρὰ,
1087 619 1103 658 ὃ
1117 622 1159 658 τὸ
1173 621 1342 672 τρύβλιον

89 668 314 720 περιλείχων
328 668 401 708 &c.
424 670 583 710 Pulchre
595 670 681 711 sane
696 673 736 712 ὅ(
755 685 856 711 vere.
877 673 1060 725 Sicigitur
1074 673 1200 712 locum
1215 686 1342 714 totum

87 719 205 760 scribe
225 722 267 761 δι
289 734 416 762 verte:
432 723 514 762 ἐπεὶ
528 724 573 762 Σὲ
587 723 747 763 ἀπέθανε
764 726 897 776 πρώην,
912 723 1074 765 ἅπαντα
1097 727 1218 766 ἐκεῖνα
1236 731 1341 766 κατα

89 773 178 812 τοὺς
200 773 328 824 νόμους
341 805 349 814 .
364 806 374 815 .
388 805 396 814 .
414 808 422 816 .
438 777 573 825 Σίμων.
595 780 662 816 Καὶ
677 776 734 817 νῦν
750 778 880 818 ἐκεῖνος
897 778 979 817 {va
995 779 1110 829 ῥακια
1124 782 1342 831 περιβεβλη-

87 827 195 876 μένος
209 830 366 879 πιναρὰ,
381 829 396 867 ὃ
411 833 455 868 τὸ
470 830 635 881 τρύβλιον
655 833 881 885 περιλείχων
903 833 1062 881 ἄσμενος
1083 832 1272 883 ἐξελαύνει
1289 833 1342 872 Σι-

87 878 229 934 λουργῆ
243 882 305 920 καὶ
320 880 551 936 ὑσγινοβαφῆ
561 883 852 935 ἀμπεχόμενος.
867 886 1043 937 Postquam
1056 901 1133 924 vero
1140 888 1247 938 pridie
1259 901 1342 925 mor-

87 944 166 972 tuus
179 936 244 987 est,
257 936 367 974 omnia
387 937 447 974 illa
457 936 640 987 secundum
657 938 744 988 leges
758 939 857 990 cepit
879 940 1007 977 Simon.
1026 941 1078 977 Et
1092 955 1180 977 nunc
1194 942 1265 986 ille,
1283 941 1339 992 qui

82 989 210 1040 parthis
217 988 369 1039 sbrdidis
383 990 520 1029 indutus
534 1003 624 1036 erat,
640 992 695 1042 qui
713 992 861 1030 catinum
878 993 1041 1043 lingebat,
1061 993 1178 1031 lu'laris
1192 1010 1272 1046 equo
1283 1010 1340 1032 ve-

87 1041 191 1090 hitur,
201 1057 369 1094 purpurea
378 1074 390 1091 ‚
404 1044 438 1082 6¹
449 1044 598 1083 coccinea
612 1046 694 1096 veste
708 1045 857 1084 amians.
869 1041 1046 1094 ’Λα-μενος
1061 1045 1270 1096 ἐξελαύνειν
1285 1046 1339 1086 est

84 1093 187 1134 laeto
201 1094 241 1134 δε
254 1096 366 1136 alacri
378 1099 508 1136 animo
522 1110 626 1151 equo
649 1097 755 1137 vehi:
777 1098 943 1137 ἐλαύνειν
961 1098 1035 1147 est,
1054 1097 1252 1140 subaudito
1268 1099 1338 1139 ‘io-r·

85 1163 174 1194 πον,
186 1150 337 1202 equitare.
350 1150 405 1190 Ut
416 1151 516 1203 apud
528 1151 684 1190 Latinos
696 1153 806 1190 vehere
820 1151 866 1190 sc.
885 1150 921 1190 se
933 1164 1051 1203 equo,
1067 1165 1137 1202 pro
1152 1155 1242 1201 velzi,
1265 1153 1337 1193 fre-

83 1213 246 1253 quenter
259 1203 410 1255 legitur,
423 1204 473 1243 fic
495 1205 535 1243 δι
553 1203 779 1256 ἐξελαύνειν,
795 1205 836 1244 &
855 1204 1128 1255 ἑπεξελαὺνειν.
1142 1207 1334 1246 Herodot-

85 1252 266 1306 ἐξήλαυνε
283 1258 319 1296 ἐς
331 1255 416 1298 ἤθεα
429 1260 482 1296 τὰ.
495 1255 629 1297 ἑαυτοῦ
639 1288 652 1304 ,
668 1258 827 1309 equitavit
837 1258 993 1308 adsum
1007 1261 1151 1297 domum.
1163 1260 1336 1309 Ἐξελαύ-

22 1341 25 1345 .
85 1322 157 1347 νειν
181 1311 332 1362 proprie
351 1310 550 1350 Germanis
568 1311 609 1350 δι
630 1311 754 1363 Belgis
773 1309 826 1349 est
841 1312 1004 1349 uitriiden.
1027 1310 1224 1363 Hysginus
1249 1314 1336 1364 qui-

83 1361 169 1400 dem
184 1363 296 1402 color
309 1362 435 1403 differt
448 1377 470 1402 a
485 1365 684 1410 coccineo,
701 1377 790 1403 cum
804 1363 848 1403 snt
863 1365 1004 1403 medius
1016 1364 1114 1403 inter
1126 1378 1335 1417 purpuram

83 1414 249 1466 Tyriam
266 1416 544 1464 &coccinum‚
565 1417 687 1469 potest
710 1429 836 1456 tamen
858 1418 1027 1456 coccineus
1052 1419 1163 1457 verti.
1191 1417 1335 1469 Hysgi-

84 1481 157 1508 nus
175 1470 278 1509 enim
292 1470 401 1510 color
423 1471 697 1511 conficiebatur
719 1483 767 1510 ex
787 1484 975 1523 purpura,
990 1483 1088 1522 quae
1103 1472 1260 1510 coccino
1273 1472 1336 1510 su-

82 1523 414 1575 perinducebatur‚
427 1536 470 1564 ut
487 1525 628 1564 dudum
650 1525 814 1564 docuere
831 1524 902 1564 viri
917 1523 1125 1563 doffiffimi.
1141 1524 1240 1564 Vide
1255 1524 1336 1564 Sal-

82 1575 171 1616 mas.
189 1578 381 1617 exercitat.
397 1578 550 1617 Plinian.
565 1577 735 1618 GRAEv.
747 1577 849 1617 Puto
863 1590 950 1629 ego,
962 1577 1124 1618 Graevii
1137 1577 1335 1624 Codicem‚

82 1641 126 1669 ut
146 1630 238 1670 alias
253 1632 287 1669 in
314 1632 387 1671 hoc
401 1632 554 1683 dialogo
569 1662 580 1678 ‚
602 1632 654 1670 ita
669 1632 730 1670 hic
742 1661 752 1677 ‚
773 1631 915 1670 librarii
929 1631 1162 1669 sedulitatem
1177 1630 1336 1683 paffum.

83 1683 182 1723 Nam
199 1685 288 1723 illud
301 1686 449 1737 quidem
462 1717 472 1734 ‚
487 1684 502 1724 ὁ
519 1687 572 1724 τὰ
584 1685 699 1738 ῥακια
709 1686 764 1724 τὰ
776 1687 916 1736 πιναρὰ
927 1712 938 1731 ‚
958 1684 1008 1722 ita
1021 1685 1255 1723 Lucianeum
1268 1684 1334 1732 est,

81 1749 126 1776 ut
141 1738 206 1790 qui
219 1737 270 1776 illi
285 1748 461 1791 ereptum
484 1750 544 1778 eat
556 1768 566 1786 ‚
581 1751 659 1777 non
676 1737 780 1777 noffe
798 1737 926 1777 virum
944 1737 1140 1777 videatur:
1162 1737 1335 1777 ostende-

71 1802 172 1834 runt
187 1791 345 1844 copiose
366 1792 440 1831 viri
454 1792 555 1831 docti
579 1793 624 1831 ad
652 1797 753 1843 Νεκρ.
773 1803 840 1837 10,
856 1806 893 1839 4.
910 1790 980 1830 Sed
996 1803 1120 1844 neque
1135 1803 1212 1829 non
1227 1804 1334 1830 com-

82 1844 197 1884 mode
217 1845 279 1897 (in
299 1843 437 1884 sutoris
453 1845 667 1898 praesertim
684 1844 876 1884 semidocti
890 1843 1062 1884 sermone
1084 1843 1271 1891 familiari,
1292 1844 1333 1883 ὅ(

25 1916 28 1917 ’
83 1898 130 1937 ad
145 1898 360 1951 sapientiam
382 1898 647 1938 ostendendam
672 1898 865 1951 abrupto)
882 1898 986 1950 iungi
1001 1897 1181 1937 videntur
1201 1896 1265 1936 ista
1289 1895 1333 1935 ἀ-

79 1966 215 1990 παντα
236 1952 359 1992 ἐκεῖνα
377 1952 576 2004 ἐξελαύνει.
592 1952 708 2004 Quae
730 1951 972 1991 absconderat
991 1950 1218 2002 Drimylus,
1233 1963 1333 2002 quae

81 2006 267 2057 attingere
281 2005 392 2045 ausus
406 2019 484 2044 non
500 2005 622 2045 fuerat
633 2036 643 2053 ‚
658 2018 702 2045 ea
718 2005 848 2045 Simon
861 2006 986 2057 exigis,
1001 2005 1182 2056 protrahit
1195 2017 1215 2042 e
1227 2016 1334 2043 tene-

81 2059 160 2098 bris
172 2089 182 2107 ,
199 2060 240 2099 &
257 2059 407 2111 prodire
422 2060 459 2098 in
480 2059 603 2099 lucem
627 2070 741 2112 atque
756 2057 1001 2109 conspectum
1015 2058 1141 2105 iubet,
1158 2058 1251 2096 dum
1263 2057 1333 2096 illis

79 2125 156 2165 qua
171 2113 298 2161 domi,
316 2126 392 2165 qua
412 2113 451 2151 in
473 2113 649 2165 publico,
666 2113 785 2152 utitur
807 2111 884 2151 &c.
910 2111 947 2151 Si
965 2110 1018 2160 τῷ
1041 2110 1229 2161 ἐξελαύνει
1254 2110 1333 2160 pla-

78 2177 163 2206 ceat
174 2164 380 2206 solemnem
396 2166 496 2204 illam
506 2195 517 2213 ,
529 2167 566 2204 in
583 2178 686 2218 equo
700 2166 760 2204 vel
777 2177 891 2205 curru
905 2163 1130 2216 procedendi
1148 2162 1332 2216 significa-

78 2221 224 2259 tionem
237 2219 405 2259 servare:
423 2229 515 2259 tunc
534 2216 799 2267 &naevos-illud
818 2219 1050 2271 iungendum
1070 2230 1154 2256 cum
1170 2216 1333 2267 περιλεί-

79 2288 174 2326 χων,
190 2272 524 2325 &intelligendum
539 2273 584 2311 ad
597 2270 759 2312 ἅπαντα
776 2271 897 2311 ἐκεῖνα
909 2302 921 2318 ,
939 2273 980 2311 &
994 2283 1093 2323 quae
1109 2269 1331 2322 sequuntur,

78 2327 239 2366 verbum
256 2326 355 2379 ἔχει.
370 2325 493 2365 GEsN.
520 2326 610 2365 Non
628 2326 891 2378 improbamus
905 2337 993 2364 cum
1006 2324 1049 2363 cl.
1073 2323 1152 2362 Bel.
1172 2322 1217 2361 de
1237 2321 1331 2361 Ball.

77 2379 299 2432 scripturam
329 2378 412 2419 Mff.
435 2379 555 2431 Regg.
583 2392 696 2432 2955.
720 2380 760 2418 δι
777 2392 889 2431 3011.
911 2377 960 2417 fic
982 2377 1265 2435 exhibentium:
1286 2373 1333 2412 22-

78 2447 212 2473 παντα
227 2433 346 2473 ἐκεῖνα
361 2435 467 2472 κατα
481 2434 566 2472 τοὺς
585 2434 713 2483 νόμους
725 2431 886 2480 Σίμωνός
902 2431 1003 2471 ἐστι·
1017 2430 1081 2469 καὶ
1100 2445 1156 2468 νυν
1170 2427 1331 2468 {advoca

77 2489 131 2526 τὰ,
144 2486 258 2536 §ianm
270 2489 322 2525 τὰ.
335 2489 475 2537 πιναρὰ
488 2517 500 2532 ,
527 2486 599 2525 &rb
613 2486 777 2538 τρύβλιον
790 2485 1022 2536 περιλείχων
1035 2483 1228 2536 (περιέλων
1245 2481 1332 2521 vult

74 2539 170 2580 idem
188 2542 246 2580 vir
260 2541 305 2581 cl.
325 2540 402 2581 fine
412 2539 552 2592 causa)
574 2537 735 2590 οἷο-μενος
759 2536 1223 2630 {genetivagiihiltamen
1243 2535 1331 2577 vul*-

1015 2604 1041 2630 0
1071 2605 1088 2643 3
