1764 3419
300 230 369 279 IN
405 231 702 281 SOMNIUM
736 231 852 281 SEU
887 232 1164 284 GALLUM.
1280 251 1362 302 595

109 317 302 363 tiffimum.
318 324 418 363 Vide
435 335 450 362 1
469 324 561 364 Ver.
579 323 672 363 Hist.
689 336 821 376 cap.7‚
835 323 872 363 &
887 323 928 362 L.
944 337 1022 371 2,c.
1038 326 1131 377 3357
1147 324 1192 365 δὲ
1206 327 1367 376 κεράμου

109 379 366 427 πεποιημένη,
386 377 481 416 &ad
496 389 701 430 utrumque
714 377 844 416 locum
861 377 982 417 obiter
1003 387 1143 417 notata.
1172 379 1271 417 Nam
1284 380 1367 420 satis

107 429 296 483 superque
312 430 364 470 est
379 431 644 482 exemplorum
663 432 699 469 in
718 442 807 470 nota
832 429 993 470 lensii&
1012 431 1052 470 L.
1071 431 1150 470 Bos
1174 432 1219 471 de
1240 432 1367 484 Ellips.

106 495 146 536 p.
165 497 251 534 277.
276 484 322 522 Et
335 496 383 522 ex
400 483 484 523 solo
496 484 665 524 Luciano
691 484 775 536 plus
800 485 1072 536 quinquaginta
1087 483 1258 535 proferre
1280 486 1367 536 pos-

106 536 197 575 sem.
219 536 501 588 Miroritaque,
517 537 581 589 qui
595 536 738 576 Graev.
755 539 983 590 interroget,
1006 539 1105 577 unde
1122 539 1257 589 pendet
1270 553 1367 590 χρυ-

109 588 197 638 0023,
219 590 260 629 δι
276 588 484 629 necessario
510 589 553 628 ἐκ.
575 591 783 629 addendum
807 590 879 630 effe
900 592 1036 630 credat.
1063 591 1225 631 Solanus
1247 604 1368 639 vero,

107 654 199 681 cum
211 643 256 681 ad
268 643 371 682 Dial.
384 644 430 682 de
442 642 571 682 Sacrif.
587 644 756 691 remittit,
772 645 806 682 id
823 645 908 683 ideo
923 657 1000 683 non
1014 643 1113 689 facit,
1134 657 1174 684 ut
1188 645 1231 683 ἐν.
1252 644 1367 684 inser-

108 705 194 734 tum
207 696 299 735 velit
316 709 429 744 mam
446 696 616 748 ᾆξ’[νὸὦν
631 695 833 743 ἐλέφαντος
848 698 898 734 ibi
918 697 1036 749 legas,
1061 699 1163 750 quod
1180 699 1269 737 nihil
1292 700 1366 740 huc

107 748 216 789 facit:
240 749 300 789 sed
323 758 494 797 tantum,
517 760 559 789 ut
580 750 715 788 luxum
736 750 838 788 hunc
860 750 966 788 ίὶιηίΙι
989 751 1137 790 ratione
1156 752 1205 790 ibi
1228 751 1366 791 descri—

108 812 216 855 ptum
232 802 516 842 commonstret.
539 803 666 842 Nemo
681 814 807 842 autem
823 804 1043 855 redarguet,
1059 804 1167 855 spero
1178 834 1187 848 ,
1209 819 1268 844 me
1282 818 1366 844 ver-

107 855 190 895 sum
209 868 256 895 ex
270 855 434 908 Guyeto
449 869 526 896 non
541 855 757 903 restitum,
783 869 871 896 cum
890 869 958 896 nec
973 869 1021 895 ex
1038 856 1235 908 praemiffo
1253 858 1364 898 versu

107 918 273 961 pateret,
289 909 504 949 Lucianum
519 909 683 949 senarios
697 909 868 962 proferre
882 909 1054 950 voluiffe.
1066 912 1166 950 Nam
1180 910 1265 951 Ζεύς
1277 913 1363 952 ἐστι

105 962 315 1016 spondeum
329 962 416 1002 facit
430 964 537 1002 male.
559 963 700 1002 Rmz.

164 1020 240 1055 ead.
252 1017 276 1055 l.
288 1030 325 1064 4.
351 1016 544 1068 Μοχλοὺς)
569 1017 693 1063 Audi,
716 1015 808 1068 quid
828 1016 873 1056 de
884 1015 1043 1057 Coloffo
1058 1018 1230 1058 omnium
1250 1019 1364 1072 longe

109 1071 280 1109 maximo
298 1069 388 1108 Plin.
404 1069 591 1116 XXXIV,
602 1082 646 1118 7:
662 1073 860 1123 SpeHantur
872 1071 964 1110 intus
989 1084 1129 1122 magnae
1142 1073 1239 1111 molis
1243 1073 1337 1124 fizxa
1349 1102 1363 1122 ,

111 1138 250 1177 quorum
261 1127 403 1175 pondere
415 1124 503 1162 illud
507 1124 716 1176 stabiliverat
730 1125 938 1177 constituens.
958 1124 1113 1163 SOLAN.

163 1179 237 1216 ead.
253 1178 276 1217 l.
291 1177 327 1216 6.
343 1176 412 1215 Καὶ
424 1176 568 1216 πίτταν
587 1176 798 1222 chrammus>
818 1177 1000 1229 Sequitur
1018 1177 1241 1229 pervenusta
1254 1191 1363 1219 com-

109 1231 259 1282 paratio
273 1240 532 1281 tyrannorum
553 1243 641 1270 cum
664 1229 829 1271 Coloffis
851 1230 888 1269 δι
912 1230 1039 1270 statuis
1055 1230 1198 1271 affabre
1217 1231 1322 1272 fac‘kis
1341 1247 1363 1274 a

110 1283 425 1336 praestantissimis
441 1283 672 1332 artificibus,
697 1283 755 1322 sed
779 1285 817 1322 in
835 1286 974 1336 quibus
995 1285 1095 1324 intus
1115 1286 1208 1324 nihil
1231 1287 1362 1326 videa-

111 1350 220 1384 mus,
234 1337 300 1376 nisi
314 1337 461 1383 vectes,
475 1337 629 1386 clavos,
641 1337 780 1389 stipites
790 1367 803 1383 ,
825 1337 888 1376 καὶ
903 1340 1050 1378 πίτταν
1063 1337 1265 1387 &orb-mmm
1290 1341 1364 1380 hoc

107 1389 186 1438 est,
208 1390 235 1430 fi
248 1390 340 1431 fides
352 1392 642 1443 interpretibus,
660 1391 827 1444 picemque
831 1391 1003 1441 sublitam,
1026 1392 1097 1432 Sed
1112 1391 1180 1431 Ms.
1196 1392 1259 1432 καὶ
1273 1394 1365 1432 πίτ-

111 1457 201 1490 τοιν,
214 1445 276 1484 καὶ
291 1447 422 1492 πηλὸν,
444 1445 478 1483 6³
494 1447 620 1498 picem,
645 1445 680 1482 δ’
696 1447 815 1484 lutum.
831 1445 1044 1486 ’Τετάπηλος
1062 1445 1113 1483 est
1126 1447 1362 1486 vocabulum

111 1498 241 1545 nihili,
263 1499 366 1551 quod
379 1497 564 1551 nusquam
580 1500 726 1551 legitur.
743 1497 960 1537 Dicendum
976 1498 1095 1538 fuiffet
1109 1495 1272 1540 πήλινος.
1291 1500 1364 1539 Sed

110 1552 202 1604 quid
219 1565 415 1592 moramur
435 1565 526 1592 vera
545 1552 706 1592 leffione
725 1553 901 1591 inventa?
930 1550 989 1591 Sic
1010 1552 1044 1591 se
1059 1552 1232 1605 scripsisse
1247 1554 1363 1606 paulo

110 1605 196 1657 post
209 1605 371 1645 ostendit
385 1619 556 1658 quoque,
569 1606 633 1645 ubi
645 1606 829 1658 Micyllus
843 1606 948 1650 dicit,
972 1603 1118 1645 οὐδέπω
1131 1606 1283 1655 {onena
1299 1611 1363 1647 τὴν

113 1661 247 1706 πηλὶν,
262 1659 423 1699 καὶτοὺς
437 1659 623 1713 γόμφους,
640 1660 702 1698 καὶ
714 1659 904 1710 μοχλοὺς,
919 1656 1053 1699 οἵτινες
1066 1656 1132 1698 εἷεν
1147 1659 1210 1698 τῆς
1227 1659 1361 1714 ἀρχῆς.

113 1713 279 1752 Nondum
298 1714 458 1767 ostendisti
471 1715 601 1756 lutum,
620 1714 654 1751 δ’
667 1715 798 1759 clavos,
820 1713 967 1751 &vefles
979 1714 1080 1764 rsgm'.
1100 1713 1272 1753 GRAEV.

166 1769 238 1806 ead.
250 1768 274 1806 l.
283 1781 320 1815 7.
333 1767 450 1807 Μυιῶν
464 1766 615 1820 πλῆθος)
629 1768 733 1819 Lego
743 1765 845 1816 μυῶν
857 1764 998 1805 πλῆθος
1009 1768 1025 1805 ἦ
1035 1765 1240 1820 μυγαλῶν,
1254 1767 1289 1806 id
1299 1767 1365 1816 est,

105 1819 253 1871 soricum
267 1821 301 1860 ὅ·
317 1821 461 1861 murium
482 1836 678 1861 araneorum
692 1821 801 1873 copia.
818 1820 915 1858 Nam
936 1819 1073 1859 sorices
1091 1823 1127 1859 ὅ(
1145 1834 1271 1860 mures
1284 1835 1365 1860 ara-

114 1874 175 1912 nei
189 1875 325 1915 melius
335 1877 587 1920 conveniunt,
600 1888 713 1927 quam
728 1873 887 1913 muscae.
907 1872 1039 1912 PALM.
1059 1873 1183 1926 Μυῶν)
1197 1875 1294 1914 Vide
1311 1874 1366 1914 su-

113 1940 184 1979 pra
197 1928 242 1967 ad
256 1933 294 1975 Z,
305 1933 364 1979 Τρ,
379 1942 460 1980 cap.
477 1928 511 1967 8.
531 1928 767 1968 Hirundines
779 1929 891 1966 etiam
909 1926 1089 1966 infestaffe
1103 1927 1240 1967 statuas
1257 1928 1368 1967 Deo-

114 1989 215 2029 rum,
229 1987 355 2021 narrar
371 1981 498 2022 -Clem.
515 1983 719 2021 Alexandr.
734 1996 769 2033 p.
788 1995 829 2019 21
847 1981 889 2020 B.
909 1980 1064 2020 SOLAN.
1086 1981 1168 2020 Cur
1189 1981 1292 2029 μυῶν
1314 1982 1369 2021 le-

115 2046 224 2086 gam,
249 2036 324 2074 vid.
342 2037 503 2075 omnino
518 2035 629 2088 supra
646 2035 731 2074 Iov.
750 2035 863 2086 Trag.
880 2047 912 2074 c.
927 2034 950 2073 8
964 2065 974 2080 ,
995 2035 1060 2072 ubi
1076 2034 1140 2072 καὶ
1153 2034 1256 2085 μυῶν
1272 2036 1368 2086 ἀγέ-

117 2099 189 2128 λαις
202 2088 369 2128 (imiliter
383 2102 455 2141 pro
467 2088 584 2139 μυιῶν
599 2090 786 2128 dedimus:
809 2100 890 2127 tum
904 2100 1002 2127 vero
1015 2116 1025 2133 ‚
1042 2089 1128 2135 quia
1148 2089 1371 2128 rodentibus

118 2142 234 2190 curis,
251 2144 298 2182 de
307 2144 446 2196 quibus
460 2143 518 2183 hic
532 2156 613 2196 cap.
628 2143 808 2196 proximo
818 2140 895 2193 ipse
909 2141 1113 2193 praemisit,
1128 2141 1261 2180 melius
1279 2154 1371 2181 con-

117 2197 280 2236 veniunt
294 2213 415 2244 mures,
437 2210 550 2250 quam
564 2196 694 2249 muscae
701 2211 718 2243 ,-
741 2199 860 2234 immo
877 2195 968 2248 quia
990 2194 1168 2233 mustelae
1182 2196 1373 2235 adduntur

120 2249 196 2288 hoc
213 2250 442 2303 loco,*quae
462 2263 589 2290 mures
609 2250 773 2289 maiores
794 2250 984 2293 dicuntur,
1005 2261 1135 2287 earum
1155 2247 1241 2288 socii
1260 2259 1372 2288 erunt

120 2317 244 2348 mures,
264 2315 351 2343 non·
366 2304 497 2356 muscae
505 2320 522 2352 ,·
540 2303 606 2344 etsi
621 2304 727 2343 aliter
745 2302 864 2342 visum
878 2301 1033 2342 Wessei.
1048 2300 1141 2341 obs.
1165 2315 1201 2351 p.
1217 2314 1256 2352 51
1274 2331 1284 2346 ‚
1304 2302 1373 2353 qui

121 2357 219 2396 haud
238 2369 350 2409 aegre
370 2358 464 2396 feret
487 2363 533 2397 ab
553 2358 590 2396 se
606 2357 753 2397 discedi.
772 2356 837 2396 De
855 2357 1000 2395 muribus
1021 2356 1059 2394 in
1079 2355 1230 2408 templis
1248 2355 1370 2394 Hom.

120 2409 224 2450 Batr.
242 2424 335 2459 174,
355 2411 451 2450 Plut.
462 2409 557 2463 Syll.
574 2426 606 2463 p.
621 2424 710 2463 455.
735 2410 877 2449 Rmz.

176 2468 246 2502 each
260 2466 285 2503 l.
303 2478 317 2502 1
330 2479 362 2503 2.
372 2464 617 2518 Ἐξελοιὺνειν)
633 2463 747 2505 Conf.
762 2464 874 2518 supra
885 2473 1017 2504 notata
1030 2461 1074 2500 ad
1094 2473 1177 2515 cap.
1200 2474 1248 2509 14
1261 2459 1374 2502 huius

124 2516 226 2558 Dial.
247 2518 392 2558 RmTz.
908 2548 910 2550 -
1023 2568 1049 2608 P

1059 2581 1083 2622 p
1112 2581 1133 2607 2
