1764 3419
430 261 517 312 502
621 245 1491 294 ANNoTATloNES

475 338 547 375 ead.
563 337 587 376 l.
605 350 662 390 ¹3·
675 339 769 376 Ἀπὸ
791 335 984 391 χελώνης)
1005 334 1234 388 Plerumque
1255 335 1343 374 alias
1367 335 1556 374 omittitur
1577 348 1684 387 prae-

421 389 572 441 positio.
583 390 675 430 Vid.
688 391 732 430 ad
752 404 765 428 ι
782 392 874 430 Ver.
890 388 986 433 Hist.
1000 401 1031 427 c.
1048 389 1083 427 6.
1098 386 1168 426 Sed
1180 388 1280 427 addit
1292 401 1377 427 eam
1390 389 1502 427 etiam
1514 389 1684 428 Theocr.

421 442 505 483 Eid.
519 444 571 490 V,
583 458 606 497 9
616 456 650 495 ς,
661 443 700 482 αἱ
709 443 776 492 μὲν
788 442 922 494 ἔχοντα
938 443 1083 481 Amr-thu
1099 441 1176 479 ἀπὸ
1190 440 1324 492 πρίνοιο
1340 442 1524 494 λεπύρων,
1539 441 1601 480 illa
1614 442 1685 495 qui-

421 498 491 536 dem
503 499 624 536 habene
641 509 766 536 tenuem
783 498 827 534 ab
842 496 914 534 ilice
925 494 1129 534 corticulam.
1144 494 1284 533 REITz.

475 551 567 601 Pag.
587 551 672 603 196.
687 552 709 588 l.
731 562 787 588 12.
800 547 952 600 Φύλλα)
966 548 992 586 1.
1013 560 1044 586 e.
1059 563 1181 586 ramos.
1195 547 1363 588 Guvtr.

474 605 548 649 ead.
571 604 592 641 l.
614 616 670 653 15.
688 602 765 642 Τῶν
782 600 931 653 ἀνθέων)
953 602 991 638 Λ
1011 601 1125 639 ramis.
1149 600 1316 641 GUYET.

474 656 566 707 pag.
585 669 666 705 ¹97·
686 656 709 693 l.
726 653 904 706 fflssvsov)
925 654 1025 706 Lege
1044 652 1142 693 ἔνθεν.
1160 653 1317 705 SOLAN.

475 711 548 747 ead.
565 709 587 746 l.
603 708 638 747 8.
653 707 770 761 Κᾷγὼ
785 706 934 758 ὃραμὼν
950 709 1038 758 πρὶς
1052 707 1116 746 τὶν
1133 704 1310 759 ἄρχοντα
1325 705 1391 746 τῖΐς
1415 707 1627 760 ἐπαρχίαις,
1647 705 1681 746 ἒ·

421 774 527 812 τυχε
541 760 585 799 δὲ
597 760 648 811 ‘riv‘
661 763 733 817 θέᾳ
743 761 864 810 ταύτῃ
877 759 1015 812 παρὼν,
1028 758 1161 812 ἔλεγον
1177 760 1339 800 κάτωθεν
1353 760 1408 798 ὅτι
1421 760 1575 814 γυνίιμε
1588 765 1684 800 Θετ-

420 814 521 854 ταλὴ
538 835 617 846 -—
630 815 822 869 χρίσματι
832 815 1108 867 μεμειγευμὲνῳ
1121 813 1387 864 ἑπαλείψασοι,
1399 814 1477 852 ’όνον
1495 811 1682 867 mnium)

420 866 596 910 Ridicule
615 868 798 922 interpres
812 897 823 916 ,
841 877 1016 912 vertens,
1035 867 1116 905 Tum
1131 882 1189 920 ego
1209 870 1257 906 ad
1271 868 1464 918 provinciae
1480 865 1679 918 praesertum

418 936 531 969 curro,
547 923 703 961 intererat
717 934 827 960 autem
843 920 1116 972 huicspee‘laculo
1125 950 1136 967 ‚
1151 921 1185 960 ἃ*
1196 921 1270 960 dixi
1282 936 1330 959 me
1348 937 1371 959 a
1385 920 1537 971 Thcffila
1549 941 1622 950 —-
1633 922 1678 959 ab

420 973 571 1025 inferiori
581 987 678 1026 parte
696 976 825 1026 magico
847 987 1016 1027 unguento
1034 976 1246 1027 perunHum,
1255 973 1386 1026 fizblum
1398 973 1505 1026 fuiffi
1527 976 1678 1026 asinum„

417 1028 510 1068 illud
536 1029 696 1070 κάτωθεν
719 1029 916 1080 componit
939 1040 1028 1067 cum
1049 1027 1240 1081 χρίσματι
1266 1026 1550 1077 ἑποιλείψοισοι,
1598 1026 1677 1067 uafi

417 1081 564 1123 Lucius
586 1082 728 1129 noster,
750 1095 839 1122 cum
860 1092 1069 1132 ungeretur
1088 1094 1109 1120 a
1131 1080 1324 1128 venefica,
1345 1082 1437 1133 ungi
1457 1082 1567 1133 coepi
1600 1093 1637 1120 et
1656 1094 1678 1120 a

417 1135 525 1176 calce
540 1136 584 1175 ad
603 1137 809 1176 verticem:
833 1135 939 1187 quod
959 1133 1055 1174 ficut
1070 1136 1199 1186 potuit
1217 1133 1290 1174 effe
1312 1147 1446 1174 verum
1462 1165 1474 1180 ,
1497 1134 1615 1187 (nihil
1631 1135 1678 1174 de

418 1201 470 1227 eo
491 1189 679 1229 monitum
708 1187 781 1228 fuit
802 1187 939 1240 supra)
963 1188 1017 1226 ita
1044 1188 1089 1227 ad
1114 1188 1214 1228 hunc
1237 1189 1367 1228 locum
1391 1187 1441 1227 fic
1468 1187 1678 1239 intelligen-

417 1242 509 1281 dum
523 1243 614 1282 nihil
632 1242 733 1282 facit.
752 1243 891 1282 Narrat
906 1241 1044 1281 Lucius
1065 1240 1211 1288 asinus,
1233 1241 1553 1294 quemadmodum
1574 1241 1679 1280 deni-

418 1308 497 1348 que
511 1296 548 1335 in
571 1297 722 1336 theatro
748 1295 988 1349 propositu5‚
1004 1306 1048 1333 ut
1070 1295 1121 1334 ibi
1145 1308 1232 1334 cum
1249 1295 1405 1335 homine
1425 1294 1563 1334 femina
1582 1307 1677 1335 con-

417 1349 652 1401 grederetur,
673 1349 763 1388 vifis
778 1351 871 1388 rosis
884 1380 896 1395 ,
911 1348 1030 1400 iisque
1044 1347 1203 1388 comesls
1215 1379 1226 1394 ,
1242 1359 1397 1400 repente
1412 1347 1586 1401 pristinae
1604 1348 1675 1388 hu-

416 1415 553 1442 manae
567 1402 712 1443 formae
727 1402 838 1442 fuerit
857 1402 1071 1449 restitutus,
1090 1415 1168 1442 non
1189 1402 1266 1442 fine
1279 1402 1524 1454 spectantium
1544 1401 1674 1453 stupo-

415 1468 482 1503 τες
501 1469 587 1496 cum
611 1457 671 1495 alii
692 1469 779 1495 eum
796 1468 976 1509 tanquam
1000 1454 1319 1508 praestigiatorem
1338 1456 1414 1507 igni
1427 1456 1675 1500 cremandum

415 1508 612 1550 censerent
623 1540 634 1558 ,
653 1510 714 1548 alii
729 1520 815 1549 ante
828 1509 1057 1550 audiendum
1071 1538 1083 1555 ‚
1098 1522 1213 1562 quam
1230 1510 1472 1549 damnarent:
1489 1520 1571 1548 tum
1589 1523 1648 1562 ego
1659 1539 1674 1556 ‚

414 1562 539 1612 inquit
551 1593 562 1609 ‚
581 1577 756 1603 accurrens
769 1566 820 1603 ad
831 1564 1025 1616 provinciae
1033 1565 1232 1616 praesidem,
1254 1566 1372 1602 aderat
1391 1563 1476 1602 enim
1488 1562 1582 1614 fhrte
1589 1563 1672 1616 spe·

415 1617 565 1662 (laculo,
587 1632 631 1656 ex
654 1616 804 1669 infieriori
842 1630 912 1656 arte
932 1618 950 1665 (
962 1616 1098 1656 theatri
1120 1615 1278 1663 scilicet,
1296 1617 1396 1656 unde
1415 1615 1452 1655 se
1466 1618 1512 1656 ad
1529 1615 1671 1656 Praesi-

414 1670 500 1708 dem
525 1669 694 1721 superius
715 1683 788 1710 con
808 1671 970 1710 1dentem
997 1669 1251 1723 obvertebat)
1277 1671 1482 1715 memoravi,
1503 1669 1670 1720 seminam

416 1721 608 1775 lefflam
616 1754 630 1771 ‚
656 1724 831 1776 Thqffizlae
854 1725 1015 1777 servam,
1033 1739 1083 1763 me
1104 1726 1249 1776 venefico
1273 1735 1441 1778 unguento
1461 1725 1641 1765 delibutum
1653 1755 1669 1772 ,

406 1775 525 1830 fic1ffe
537 1778 679 1831 asinum.
696 1778 802 1817 IENS.
1300 1810 1303 1813 .

466 1833 538 1871 ead.
558 1833 581 1869 l.
599 1845 656 1873 10.
673 1832 861 1885 Κέιτωθεν)
876 1831 973 1872 Vide
987 1829 1081 1871 lens.
1096 1831 1254 1871 SOLAN.

465 1886 576 1925 codd.
593 1899 650 1934 14.
676 1890 718 1924 Γε
755 1885 863 1938 ονὼς)
884 1885 1015 1925 Frater
1041 1895 1172 1924 monet
1198 1884 1475 1924 emendandum
1532 1883 1669 1939 εγονός·

412 1936 477 1976 etfi
495 1938 599 1990 prius
613 1939 693 1978 edd.
750 1949 851 1978 ΕΠΖ.
866 1939 979 1979 Haud
991 1939 1087 1978 male
1100 1938 1268 1978 Reitzius
1280 1938 1430 1978 rescribi
1442 1939 1478 1978 iu
1511 1951 1669 1993 ιῐγεγο.

411 1990 483 2030 νός·
502 1991 541 2033 δι
560 1991 610 2031 fic
623 1993 787 2032 omnino
806 2003 1001 2032 exaratum
1020 1992 1193 2031 videmus
1205 1993 1243 2031 in
1258 1991 1328 2031 Ms.
1342 1992 1439 2045 Reg.
1457 2005 1570 2045 2955.

465 2047 538 2084 ead.
551 2045 575 2083 l.
590 2046 647 2085 16.
663 2045 797 2096 Πατὴρ
818 2047 886 2095 μὲν
906 2068 949 2076 -
970 2045 1097 2098 Γάϊος)
1113 2045 1331 2097 Quomodo
1353 2045 1417 2084 ista
1437 2045 1667 2085 cohaerent?

406 2109 506 2148 pater
526 2099 609 2138 mihi
630 2101 674 2153 est
694 2100 837 2146 Lucius,
855 2099 963 2151 fratri
987 2112 1097 2138 aurem
1120 2115 1188 2138 meo
1215 2100 1332 2138 Caius.
1358 2099 1668 2152 interrogaverat

409 2149 559 2191 praeses
574 2153 697 2203 primo
712 2153 758 2192 de
769 2154 926 2193 nomine
942 2153 1038 2192 novi
1052 2165 1099 2191 ex
1115 2152 1219 2192 afino
1234 2153 1398 2192 hominis
1409 2182 1420 2200 ‚
1437 2163 1519 2192 tum
1535 2153 1581 2193 de
1596 2166 1667 2206 pa-

408 2205 582 2244 rentibus
593 2205 632 2245 &
648 2207 832 2257 cognatis.
849 2207 1001 2246 Nomen
1019 2207 1145 2258 itaque
1160 2205 1268 2247 suum
1283 2207 1442 2246 debebat
1455 2206 1580 2246 dicere
1597 2219 1666 2246 an-

407 2266 446 2296 te
469 2258 620 2298 omnia:
642 2272 786 2299 nomen
812 2260 944 2299 deinde
967 2260 1090 2300 fratris
1108 2258 1164 2298 sui
1189 2261 1352 2300 indicare
1371 2259 1556 2306 voluiffe,
1581 2259 1666 2300 satis

406 2310 485 2361 ipsa
497 2310 681 2352 struCiura
695 2314 880 2353 orationis
892 2314 1039 2353 indicat.
1058 2313 1166 2366 Quid
1178 2314 1277 2353 enim
1292 2313 1391 2353 aliud
1405 2312 1556 2366 pofl'unt
1568 2314 1666 2354 haec

405 2364 473 2403 fibi
495 2366 614 2412 velle,
627 2365 734 2418 fratri
754 2379 863 2407 autem
881 2383 950 2407 meo
975 2368 1106 2407 Caius?
1131 2367 1263 2421 Itaque
1284 2367 1320 2405 in
1341 2367 1517 2407 versione
1541 2365 1661 2418 ipsum

405 2417 482 2458 hoc
503 2435 621 2458 nomen
644 2419 670 2459 s.
702 2433 936 2473 praenomen
962 2421 1112 2474 potius,
1144 2420 1417 2474 suppievimus.
1451 2420 1632 2460 Ceterum
1649 2452 1663 2468 ‚

405 2471 474 2510 nifi
489 2473 618 2513 omnia
637 2486 698 2513 me
716 2472 871 2520 fallunt,
889 2475 1024 2515 lacuna
1049 2474 1109 2515 hic
1125 2474 1198 2522 est,
1220 2473 1425 2522 eiusmodi,
1447 2474 1577 2524 πατὴρ
1592 2474 1663 2524 μὲν

405 2522 486 2568 ἔστι
503 2540 567 2579 μοι
583 2527 704 2570 -hic
720 2528 934 2574 nominavit
949 2539 1092 2582 patrem
1109 2529 1149 2570 &
1163 2541 1280 2569 avum
1299 2527 1400 2569 forte
1411 2559 1421 2577 ,
1437 2527 1478 2568 δι
1496 2528 1662 2584 perrexit
