1764 3419
269 258 336 303 IN
370 257 680 303 SOMNIUM
716 257 827 303 SEU
863 257 1158 303 GALLUM.<
1251 259 1340 321 587

78 342 205 382 θέντος
229 345 293 384 τον
315 347 424 393 μηρὶν
449 342 593 390 &veiireu
616 344 791 396 χρυσοῦν.
819 345 1060 398 Porphyrius
1081 346 1155 390 ait,
1186 346 1218 384 id
1246 360 1335 385 eum

80 395 439 436 oflendiffeAbaridi
459 396 638 436 sacerdoti
662 399 866 450 Apollinis,
892 410 978 437 ante
1001 399 1192 449 opinanti,
1217 400 1338 452 ipsum

80 448 155 489 effe
169 450 402 502 Apollinem,
415 462 455 489 ut
467 463 517 489 eo
531 450 615 490 viso
630 464 700 502 pro
714 462 821 490 certo
835 452 998 491 haberet.
1022 452 1146 490 LEED.

135 503 225 554 Pag.
241 516 325 555 317.
337 505 359 540 l.
374 504 406 541 6.
425 504 508 555 Περὶ
522 499 664 556 αὐτῶν)
677 504 735 543 Sic
752 506 804 542 H.
815 506 870 543 ed.
888 506 1034 550 melius,
1047 517 1163 556 quam
1177 515 1218 543 ut
1233 505 1269 543 in
1285 518 1338 544 re-

78 554 253 607 liquis.est
268 553 370 606 ὑπέρ.
387 557 543 595 Somn.
560 555 672 608 ’Ὑπὲρ
689 556 829 608 aava)
847 559 1000 598 Lubens
1017 559 1255 597 admitterem
1270 574 1339 597 ers-

77 609 109 660 pi
127 620 214 646 cum
229 609 282 646 Fl.
300 608 327 647 si
345 609 469 660 plures
481 610 706 649 addicerent.
721 610 791 649 Sed
806 610 899 662 ὑπὲρ
912 612 1082 651 nondum
1100 611 1232 650 reiicio
1248 624 1337 651 cum

76 660 237 708 Somno,
249 662 364 714 quiid
381 664 453 702 iam
467 663 627 703 delerat:
650 677 737 703 nam
754 663 819 703 etsi
840 666 963 704 norim
976 695 986 711 ,
1003 665 1068 717 qui
1082 663 1228 703 differat
1246 663 1338 717 ὑπὲρ

79 714 121 753 δι
136 715 232 766 περὶ,
250 725 374 754 tamen
394 716 515 760 didici,
532 715 640 768 saepe
658 716 748 767 ὑπὲρ
763 718 869 770 poni,
891 719 956 756 ubi
970 718 1009 757 &
1026 718 1106 768 περὶ
1124 719 1252 757 locum
1272 719 1338 756 ha—

75 766 201 813 beret,
228 781 350 821 aeque
363 782 407 809 ac
423 770 522 822 apud
537 769 696 809 Latinos
706 771 809 822 super
821 784 891 822 pro
904 775 942 810 de
963 771 1024 810 vel
1036 773 1146 818 circa,
1170 784 1212 810 ut
1225 772 1336 812 nimis

74 830 210 859 notum
227 833 276 861 ex
288 822 397 873 Virg.
415 823 510 861 Aen.
528 823 545 861 I
562 822 627 861 fin.
648 825 769 862 st‘Iulta
784 823 889 876 super
899 825 1038 864 Priamo
1052 825 1218 875 rogitans,
1229 826 1332 875 super

74 873 217 912 Hcffore
228 875 344 914 multa.
365 876 418 914 lta
439 875 610 928 Diogen.
630 876 754 916 Laert.
772 878 925 916 videtur
943 877 997 924 τῶ
1015 878 1096 928 περὶ
1112 876 1335 918 substituisse

73 922 180 977 ὑπὲρ,
198 928 235 966 in
248 941 424 992 prooem.
441 942 524 981 pag.
539 928 576 974 8,
592 928 717 981 Segni.
741 943 786 968 ιο
807 944 861 982 pr.
881 929 950 968 Τῗιν
965 929 1009 968 ἑὲ
1023 930 1094 968 τῶν
1111 931 1331 982 Αἰγυπτίων

71 991 300 1031 φιλοσοφίαν
317 979 410 1021 εἶναι
425 981 620 1027 τοιαύτην,
633 988 716 1033 περί
726 997 769 1022 τε
785 983 877 1024 θεῶν
891 984 953 1021 καὶ
966 982 1055 1033 ὑπὲρ
1067 982 1331 1030 sincerae-tium,

72 1032 96 1071 i.
111 1046 144 1072 e.
149 1034 395 1087 philosophiam
408 1038 446 1074 de
458 1036 543 1075 Diis
554 1035 587 1073 δ’
600 1037 734 1088 iustitia.
752 1037 898 1075 Aelian.
914 1036 987 1075 ΧΠ
998 1067 1010 1082 ,
1030 1049 1074 1086 52
1090 1049 1144 1086 pr.
1161 1036 1332 1092 Ἰσωκρέι-

72 1099 142 1124 της
162 1086 178 1124 ὅ
199 1085 326 1138 ‘Ph-mg>
351 1087 481 1143 ἔλεγεν
502 1088 592 1141 ὑπὲρ
606 1089 673 1130 τῆς
690 1088 879 1129 Ἀθηναίων
901 1088 1057 1137 πόλεως,
1083 1088 1210 1140 ὁμοίαν
1234 1086 1329 1131 εἶναι

71 1138 160 1179 ταῖς
175 1138 353 1191 ἑταίραις.
377 1142 522 1184 REITZ.

123 1196 194 1232 cad.
209 1194 232 1233 l.
246 1208 280 1246 9.
293 1190 408 1234 Οὐδὲν
423 1194 548 1249 ὑγιὲς)
564 1195 662 1234 Vide
673 1195 803 1234 Iambl.
818 1194 893 1234 ΝΩ.
909 1195 1032 1247 105&
1046 1209 1135 1244 227,
1147 1196 1214 1234 ubi
1233 1196 1328 1236 fate-

70 1254 146 1293 tur,
161 1247 317 1287 ridicula
328 1249 371 1287 iis
383 1249 517 1294 videri,
528 1249 594 1301 qui
606 1250 773 1288 rationes
787 1248 1158 1300 myfficasignorent.
1168 1249 1329 1289 SOLAN.

122 1302 194 1338 ead.
211 1301 235 1338 l.
254 1314 268 1338 1
283 1296 418 1351 ι.”Οο-ῳ
432 1301 476 1341 δὲ
492 1301 536 1340 &v
552 1301 747 1354 ξενίζοιμι)
772 1302 875 1341 Ante
889 1301 1079 1352 ξενίζοιμι,
1099 1301 1248 1351 μᾶλλον
1269 1305 1328 1340 in-

65 1350 308 1404 telligendum
326 1355 564 1408 relinquitur.
586 1354 702 1394 Conf.
722 1368 792 1394 nos
815 1355 912 1407 supr.
938 1356 982 1393 ad
1004 1353 1108 1393 Dial.
1131 1368 1204 1406 pro
1220 1356 1326 1407 Laps.

65 1418 98 1446 c.
119 1419 179 1452 12,
194 1406 346 1459 Quom.
358 1408 453 1450 Hist.
466 1421 497 1448 c.
515 1422 576 1459 17,
591 1409 629 1447 δι
643 1408 746 1447 Phal.
764 1409 805 1454 1,
821 1422 860 1456 ¹3
884 1409 971 1446 item
987 1407 1141 1447 πλείους
1156 1408 1240 1460 post
1255 1408 1326 1457 ὅσῳ

1 1488 12 1499 x
69 1459 244 1499 omiffum
257 1472 291 1499 c.
304 1461 326 1500 8
338 1492 350 1510 ‚
372 1459 499 1514 ibique
514 1473 654 1501 notata.
671 1460 746 1502 Pro
759 1462 875 1514 Imag.
891 1475 923 1502 c.
939 1475 985 1508 17
1001 1461 1073 1500 &c.
1088 1461 1230 1500 Anacr.
1246 1461 1324 1502 Od.

65 1513 122 1552 XI
136 1543 148 1561 ,
176 1527 190 1552 1
203 1528 216 1552 1
232 1510 356 1564 ,”Οσ·ῳ
373 1516 498 1554 πέλας
511 1518 562 1553 τὰ.
575 1515 717 1566 μοίρης,
739 1531 804 1567 quo
826 1515 933 1565 magis
955 1529 1044 1553 mors
1066 1515 1326 1567 appropinquat.

67 1566 145 1606 Ubi
158 1565 305 1617 μᾶλλον
327 1570 482 1621 quidem
499 1568 736 1621 praecedenti
753 1569 936 1607 orationis
958 1568 1132 1607 membro
1149 1568 1327 1621 praemis·

63 1618 165 1664 sum,
181 1621 303 1660 altero
322 1625 455 1663 tamen
468 1621 575 1661 facile
594 1623 856 1674 repetendum.
884 1621 939 1661 Ita
961 1623 1245 1673 comparativus
1259 1622 1324 1660 ad-

62 1673 190 1713 ieffivi
205 1674 287 1726 post
298 1675 379 1714 ὅσον
394 1675 656 1726 intelligendus
670 1675 707 1713 in
719 1675 840 1726 Long.
859 1674 950 1714 Past.
966 1675 1039 1720 111,
1060 1674 1130 1713 118
1145 1703 1155 1720 ‚
1175 1673 1192 1715 ἦ
1217 1675 1320 1724 φωνὴ

61 1724 233 1766 τοσοῦτον
247 1728 413 1768 ἐπαύετο
426 1728 588 1780 βράδιον,
599 1728 680 1767 ’ὅσον
696 1726 847 1779 ἤρξατο,
859 1729 968 1779 fimus
986 1730 1151 1775 desinebat
1161 1740 1254 1767 tanto
1259 1729 1316 1779 se-

63 1780 148 1828 rius,
161 1794 286 1833 quanto
301 1783 476 1836 inceperat,
499 1783 564 1821 i.e.
584 1792 729 1835 quanto
739 1782 850 1833 sbrius
864 1782 1069 1832 inceperat.
1095 1782 1203 1820 Adde
1217 1783 1316 1833 Hip-

61 1846 168 1886 pocr.
184 1833 220 1873 S.
235 1848 273 1880 2,
288 1836 370 1887 aph.
390 1849 451 1882 10,
465 1838 522 1873 T&
531 1835 585 1884 μὴ
598 1834 738 1885 καθαρὴ
748 1835 822 1874 τῶν
837 1838 1035 1885 σωμάτων,
1049 1834 1164 1884 subm
1178 1835 1222 1874 ἂν
1235 1836 1317 1887 Βρέ-

61 1886 154 1937 4ῃς,
175 1885 322 1937 μᾶλλον
341 1889 519 1939 βλάψεις·
545 1889 610 1927 ubi
630 1888 695 1927 etsi
712 1887 877 1940 sequitur
890 1887 1056 1939 μᾶλλον,
1081 1898 1210 1927 tamen
1232 1889 1317 1940 post

61 1939 175 1990 ὅκόσῳ
195 1941 291 1980 idem
319 1942 432 1982 tacite
455 1941 706 1995 supplendum
727 1943 975 1995 relinquitur,
991 1942 1030 1980 δι
1055 1940 1106 1981 sic
1127 1941 1315 1994 distinguo

62 1993 155 2034 haec
167 1994 369 2047 aphorismi
386 1997 504 2035 verba
514 2025 528 2041 ,
551 2008 630 2034 non
642 2008 793 2035 comma
808 2009 896 2034 cum
913 1995 943 2034 F
945 1995 1050 2034 oefio
1065 1994 1149 2047 post
1163 1996 1317 2045 μᾶλλον

58 2059 218 2100 ponens.
231 2048 290 2088 Sic
303 2060 389 2088 ante
403 2049 422 2089 ii
436 2050 715 2102 intelligendum
726 2050 889 2100 μᾶλλον,
901 2062 959 2101 ap.
971 2048 1145 2098 Alciphr.
1159 2049 1226 2096 111,
1244 2049 1312 2101 Ep.

59 2115 126 2152 70,
139 2115 174 2154 p.
193 2116 286 2150 444,
299 2101 472 2142 Ἀττικῆς
485 2103 708 2153 στωμυλίας
718 2102 783 2140 καὶ
805 2103 925 2153 ξένης,
945 2104 964 2141 ii
983 2104 1090 2140 κατὰ
1100 2101 1189 2140 τοὺς
1203 2103 1318 2154 χωρί·

58 2168 132 2194 τας
143 2154 296 2195 ἐπαΐων.
313 2155 423 2195 Plura
437 2155 592 2196 Gesner.
606 2155 650 2195 ad
662 2154 748 2195 Iov.
760 2154 874 2195 Conf.
890 2169 920 2196 c.
933 2169 974 2203 7,
989 2155 1058 2194 ubi
1074 2155 1170 2194 inter
1184 2168 1313 2195 exem-

57 2208 134 2261 pla,
147 2221 246 2261 quae
260 2208 383 2255 affert,
398 2208 622 2261 aptissimum
637 2209 711 2248 hoc
725 2222 772 2249 ex
787 2208 898 2248 eiusd.
912 2208 1013 2247 Dial.
1028 2207 1092 2246 fin.
1105 2208 1308 2258 ἐβουλόμην

55 2263 102 2301 ἂν
118 2260 182 2302 ἕνα
193 2261 356 2302 τοιοῦτον
368 2262 473 2315 ἔχειν
489 2285 533 2292 -
550 2263 568 2301 ii
578 2261 712 2312 μυρίας
719 2277 780 2312 μοι
794 2261 1017 2307 Βαβυλῶνας
1030 2258 1229 2313 ὑπάρχειν.
1242 2262 1314 2301 Sed

55 2328 138 2368 quo
152 2315 286 2368 plura?
302 2329 388 2356 cum
404 2315 621 2366 posterioris
635 2316 748 2355 huius
762 2315 936 2369 ellipseos
951 2326 1009 2353 tot
1023 2315 1095 2353 iam
1115 2315 1308 2363 produxe-

56 2370 104 2408 rit
116 2368 327 2409 testimonia
338 2370 379 2409 L.
389 2370 468 2410 Bos
478 2370 523 2410 de
535 2368 673 2421 Ellipfi,
686 2383 721 2422 p.
737 2383 900 2421 327—9.
913 2367 1054 2408 Prioris
1066 2378 1207 2413 autem,
1221 2368 1306 2419 post

55 2422 152 2471 ὅσῳ,
175 2423 336 2463 nullum.
360 2424 415 2464 Ut
442 2434 569 2462 autem
592 2423 639 2462 ad
664 2424 828 2473 priorem
851 2422 994 2475 ellipsin
1015 2434 1092 2460 non
1113 2421 1306 2461 attendisse

54 2477 393 2516 animadvertimus
407 2477 659 2516 Meibomium
679 2476 716 2514 in
730 2475 902 2524 Epitsteto
916 2505 927 2522 ,
954 2474 1090 2526 (supra
1107 2487 1178 2525 pro
1195 2475 1304 2525 Laps.

56 2542 91 2574 c..
111 2530 187 2586 12)
210 2530 260 2572 ita
284 2530 329 2572 ad
345 2530 500 2575 alteram
516 2543 595 2571 non
610 2528 802 2571 attendiffe
818 2529 967 2573 videtur
982 2529 1165 2582 interpres
1177 2528 1306 2572 Herm
