1764 3419
273 227 378 272 *IN
411 225 623 272 IovaM
654 225 1084 273 TRAGOEDUM.
1145 270 1148 273 .
1235 247 1323 295 529

115 312 150 352 in
167 313 278 352 SchoL
292 315 355 352 col.
378 327 413 351 2.
431 313 454 351 l.
473 327 505 351 ι.
519 311 782 366 Ἐκχεὸμενον)
796 313 903 352 Haec
918 315 1045 353 omnia
1060 315 1104 353 de
1119 312 1322 367 Capliareo

65 369 336 419 promontorio
359 367 548 405 habentur
565 368 718 405 totidem
746 367 871 406 verbis
891 368 928 405 in
948 367 1220 419 Etymologico
1236 372 1321 411 Ma·

7 417 15 441 ¹·
64 432 155 471 gno.
179 419 390 472 Stephanus
416 421 527 457 aliam
552 420 659 458 vocis
679 420 957 471 etymologiam
983 422 1115 466 tradit,
1136 434 1233 473 quae
1256 438 1322 462 ve-

0 476 1 491 ¹
64 474 161 519 rior,
184 472 270 511 licet
294 471 370 524 ipse
392 485 474 510 earn
502 485 580 510 non
605 471 687 511 satis
707 473 938 511 intellexerit.
964 474 1150 525 Κοιέηρεὺς,
1176 475 1320 526 inquit,

65 525 266 573 ἐκαλεῖτο,
282 525 340 563 ὅτι
356 524 440 563 τοὺς
458 526 647 563 ’πλέοντας
660 525 744 564 ἐκεῖ
761 525 927 578 ἑκαθῇρον
948 525 976 563 οἱ
1002 525 1152 571 Εὐβοεῖς.
1170 529 1322 582 Nempe

64 578 237 630 καθηρεὺς
252 578 304 617 est
329 578 476 618 Graece
489 606 499 623 ,
515 579 620 629 quod
643 582 833 630 Καφαρεὺς
848 579 921 618 fuit
944 580 1074 632 lingua
1097 580 1320 623 Phoenicia:

66 643 152 669 nam
169 643 210 669 ut
225 631 408 681 καθαίρειν
425 631 604 682 significat
616 633 772 682 expiare,
793 633 926 684 lustrare
945 634 1043 684 apud
1063 627 1252 683 Graecos}
1269 638 1319 676 ita

4 702 11 711 ·
66 685 179 722 etiam
205 683 362 723 sumitur
383 685 482 736 apud
506 683 715 723 Phoenices
731 687 877 736 caphar.
898 685 956 725 Sic
979 686 1157 724 nimirum
1183 687 1321 740 scopu-

65 736 143 776 lum
156 769 167 784 ,
181 749 246 776 aur
259 738 395 776 navale
417 738 491 776 hoc
506 737 684 776 Euboeae
699 750 936 777 vocaverant
948 768 959 784 ,
981 741 1146 790 quicum
1171 741 1320 782 Cadmo

64 803 113 829 ex
131 790 331 829 Phoenicia
346 793 458 829 ineas
478 803 563 829 oras
581 793 826 830 advenerant.
843 793 930 830 Vid.
945 793 1174 832 Bochartum
1192 797 1228 832 in
1243 796 1321 835 Ca-

64 856 162 882 naan
183 843 245 882 lib.
261 844 298 890 1,
318 856 401 895 cap.
418 857 460 896 13
475 858 487 890 3
503 857 570 895 qui
591 855 714 883 tamen
729 857 858 884 veram
875 845 986 884 huius
1005 847 1114 886 vocis
1127 849 1319 900 originem

64 909 146 935 non
161 897 213 935 est
232 897 428 936 assecutus.
449 896 571 935 CLER.

117 950 207 1002 Pag.
226 963 312 998 242.
328 952 350 988 l.
371 964 401 1001 5.
419 950 569 1001 Θὼκων)
587 950 723 988 Narrat
737 950 920 1003 Iuppiter,
932 950 968 989 se
984 950 1124 990 veniffe
1139 954 1174 992 in
1190 955 1320 996 Poeci-

63 1002 159 1049 lem,
172 1006 212 1042 ὅ(
225 1004 274 1042 ibi
290 1005 416 1041 varios
432 1004 605 1042 homin-es
621 1004 822 1051 invenffle,
839 1006 934 1043 aiios
953 1004 1110 1050 subdio,
1128 1007 1222 1046 alios
1240 1011 1322 1048 val-

63 1057 110 1094 de
124 1057 349 1103 clamantes,
365 1057 427 1095 ἐπὶ
442 1055 514 1095 τῶν
537 1057 660 1095 acham
683 1056 919 1107 καθημένους,
931 1059 964 1096 in
979 1061 1143 1097 cathedris
1157 1061 1320 1110 sedentes.

64 1109 136 1148 Sed
152 1110 222 1148 Ms.
236 1111 379 1155 δάκων,
393 1111 433 1150 &
453 1109 603 1162 quidem
617 1110 765 1149 reffius.
781 1111 878 1149 Nam
893 1110 1010 1150 δῶκος
1029 1111 1081 1150 est
1097 1117 1293 1164 poeticum
1305 1145 1321 1161 ‚

65 1176 147 1214 quo
159 1164 356 1202 Homerus
373 1164 512 1214 aliique
531 1162 614 1202 sunt
627 1163 680 1202 usi
694 1194 704 1209 ‚
725 1163 785 1202 sed
797 1163 909 1202 ἓᾶκος
922 1164 974 1203 est
995 1163 1237 1216 scriptoribus
1254 1183 1319 1219 pe-

63 1216 244 1255 destribus
254 1218 452 1269 proprium
469 1245 481 1261 ,
495 1218 535 1254 o’c
547 1227 656 1255 notat
669 1216 793 1255 sellam
807 1245 820 1262 ,
834 1218 1041 1255 consessum
1056 1232 1068 1265 3
1085 1224 1263 1270 quamvis
1277 1223 1319 1260 il-

62 1269 129 1308 lud
144 1283 303 1322 quoque
313 1271 532 1309 inveniatur
544 1271 642 1321 apud
654 1269 957 1320 Aristophanem.
973 1270 1145 1310 GRAEV.
1165 1277 1318 1320 Θακων)

63 1321 121 1361 Ita
137 1325 249 1362 etiam
266 1322 337 1362 Ms.
356 1322 434 1362 Ox.
453 1322 494 1362 δι
513 1320 554 1361 Ρ.
575 1323 664 1362 vide
678 1322 803 1362 Schol.
826 1323 1020 1376 Aristoph.
1039 1324 1110 1362 128
1129 1324 1170 1364 E.
1185 1326 1319 1367 sedhic

56 1376 181 1429 fidilia
200 1376 386 1428 significat
398 1407 409 1425 ‚
421 1388 463 1415 ut
479 1376 579 1427 apud
595 1377 755 1415 eundem
775 1377 942 1415 iuniores
962 1378 1138 1417 dicuntur
1159 1379 1232 1419 τῶν
1246 1381 1320 1419 δάι-

63 1444 132 1469 κων
145 1429 223 1469 τοῖς
237 1430 493 1482 πρεσβυτέροις
505 1427 808 1470 &oraculo-wezzi.
824 1429 981 1469 SOLAN.

116 1486 189 1522 ead.
203 1483 226 1522 l.
242 1482 278 1522 8.
293 1481 496 1535 Νεφέλην)
516 1483 584 1522 Uti
597 1481 717 1522 solent
736 1483 837 1534 apud
857 1484 1071 1523 Homerum
1088 1483 1230 1537 paffiin.
1245 1485 1320 1526 Sed

10 1536 14 1539 ’
60 1537 184 1575 verba
199 1549 279 1576 non
294 1536 380 1575 sunt
394 1537 614 1576 Homerica.
630 1536 788 1576 SOLAN.
808 1577 811 1579 ,

68 1614 73 1617 »
117 1593 190 1630 ead.
210 1591 232 1629 l.
248 1604 284 1642 9.
303 1590 497 1643 Πώγωνα)
522 1590 644 1641 Atqui
660 1590 829 1641 Iuppiter
852 1589 1030 1629 barbatus
1052 1590 1128 1642 ipse
1151 1592 1321 1644 pingitur

64 1648 156 1682 Θυσ.
171 1656 202 1682 c.
222 1657 279 1683 ιι.
293 1644 442 1683 Verum
460 1643 644 1694 prolixior
659 1642 764 1682 fuiffe
781 1643 928 1682 videtur
941 1644 1055 1683 barba
1067 1644 1322 1697 philosopho-

60 1709 165 1745 rum.
181 1696 242 1736 De
260 1696 452 1736 {orio-mec.
469 1697 557 1735 vide
569 1695 662 1735 Ῥητ.
677 1710 709 1736 c.
723 1710 736 1734 1
747 1711 778 1734 2.
790 1697 947 1736 SOLAN.

117 1753 191 1788 ead.
209 1751 231 1788 l.
251 1763 309 1789 10.
326 1749 747 1803 Πωρειγκωνισέιμενος)
764 1749 943 1789 Scribitur
963 1750 1002 1788 in
1020 1750 1211 1790 nonnullis
1234 1751 1322 1791 vul-

20 1811 21 1814 ’
65 1804 219 1856 garibus
232 1803 379 1843 Lexicis
393 1819 408 1841 ο
425 1804 533 1842 brevi
550 1804 587 1841 in
612 1803 707 1842 med.
722 1802 794 1842 Sed
811 1803 969 1854 praestat
984 1818 1023 1841 ω.
1039 1803 1210 1856 Alciphr.
1226 1805 1266 1850 Ι,
1281 1818 1320 1857 p.

18 1872 20 1874 ·
66 1858 133 1903 26,
147 1856 517 1910 παραγκωνίσεισῧαι
532 1855 618 1895 τοὺς
631 1857 870 1908 ἀντεραστδις
881 1855 1113 1906 βουλέμενος,
1127 1857 1191 1895 ubi
1203 1858 1322 1910 Berg-

67 1910 135 1948 ler.
154 1911 287 1949 eodem
307 1910 422 1949 modo
438 1920 636 1949 exaratum
654 1923 702 1949 ex
719 1909 868 1949 Heliod.
881 1910 920 1949 δι
933 1909 1076 1949 Nostro
1088 1910 1133 1949 de
1145 1911 1322 1952 Calumn.

68 1962 191 2002 affert.
206 1964 347 2002 RmTz.

69 2035 76 2056 .·
122 2017 210 2069 Pag.
223 2031 309 2070 243.
324 2017 346 2056 l.
365 2029 397 2055 1.
411 2015 684 2068 Ἐξεκέκοπτο)
706 2014 812 2068 Quia
829 2014 1010 2054 Codicetn
1035 2016 1232 2056 auftorem
1257 2017 1324 2056 ha-

68 2069 133 2109 bet
147 2070 239 2109 haec
253 2070 434 2122 scriptura
445 2099 458 2117 ,
472 2071 510 2108 δι
525 2070 614 2121 quia
628 2069 737 2122 supra
751 2069 862 2107 etiam
876 2070 976 2108 Tox.
994 2082 1025 2108 c.
1043 2083 1094 2116 40
1107 2068 1131 2108 f.
1144 2070 1225 2109 edd.
1240 2069 1324 2121 ἑξε-

8 2139 11 2141 ·
67 2122 232 2162 κέκοπτο
246 2124 397 2168 habent,
408 2123 602 2175 vulgatam
616 2122 665 2162 fic
679 2123 880 2169 emendari,
892 2122 1018 2161 Solan.
1029 2123 1140 2161 etiam
1155 2124 1325 2171 iubente,

68 2178 214 2216 curavi.
244 2177 405 2228 Alioqui
427 2189 538 2228 aegre
560 2175 884 2228 obtemperaffem.
915 2177 1037 2222 Vide,
1062 2189 1160 2229 quae
1189 2178 1234 2215 de
1255 2190 1328 2216 au-

72 2242 231 2282 gmento
245 2228 600 2282 plusquamperfeffi
620 2228 755 2268 omiffo
771 2231 844 2267 iani
860 2228 967 2282 saepe
989 2229 1085 2278 dixi,
1114 2242 1186 2282 pro
1207 2229 1324 2282 Imag.

73 2295 109 2323 c.
127 2298 163 2336 3,
180 2284 221 2323 ὅ(
239 2297 254 2322 1
275 2284 366 2323 Ver.
382 2284 477 2322 Hist.
491 2295 524 2321 c.
542 2297 584 2334 13
602 2283 676 2322 &c.
704 2283 845 2321 Rzrrz.

124 2337 204 2375 ibid.
218 2340 264 2374 Tb
276 2335 503 2388 Σαρέώνιον)
519 2335 657 2375 Ridere
674 2335 785 2375 risum
797 2334 1025 2374 Sardonium
1042 2335 1233 2383 dicuntur,
1257 2334 1326 2388 qui

71 2389 186 2429 risum
207 2391 328 2428 rident
349 2394 411 2429 τὸν
437 2389 499 2428 ἐπὶ
521 2385 640 2428 &Sevi
654 2386 767 2442 ὑγιεῖ.
779 2388 840 2428 Sic
860 2389 899 2426 in
920 2387 1022 2427 Asin.
1036 2388 1237 2436 {apsa'mov
1256 2403 1326 2442 γε·

12 2464 14 2466 ν
67 2442 213 2482 λῶν-τες
229 2443 380 2496 ἔλεγον,
394 2443 418 2482 i.
433 2455 466 2482 e.
478 2442 681 2481 Sardonice
693 2442 856 2481 ridentes
870 2442 1031 2480 aiebant.
1045 2441 1190 2481 COGN.

128 2499 202 2536 ead.
216 2497 240 2535 l.
255 2498 291 2535 6.
306 2493 423 2535 Οὗέὲν
437 2497 530 2534 ἄλλο
542 2526 554 2544 ,
573 2494 706 2547 illatus&
717 2495 810 2534 ὅλως
823 2492 921 2546 ἧμᾶς
935 2491 1028 2535 εἶναι
1042 2494 1183 2549 λέγων)
1198 2492 1328 2535 Obso-

182 2551 327 2590 Luct'an.
359 2549 437 2591 Vol.
470 2549 536 2589 VI.
1008 2547 1086 2586 'Ll
