1764 3419
439 258 496 306 18
747 250 1393 299 LUCIANI

437 372 555 421 κηρου
530 342 824 399 werdun-era(
832 368 897 396 σοι
919 369 964 396 το
985 341 1130 412 μέλος.
1153 342 1323 395 τοιουτόν
1337 366 1376 394 τι
1395 338 1603 413 ἄκουσμά
1617 345 1705 395 ἐστι

440 423 707 495 Τερψιχορης
726 445 846 478 τινος,
870 444 892 480 η
913 413 1269 489 ὒῙελπ-ομενης,
1248 444 1271 479 η
1294 418 1556 477 Καλλιοπης
1576 417 1703 479 αὐτῆς

438 500 688 567 παίδευμα,
677 502 836 567 ,μυρία
855 519 914 547 τα
935 493 1193 579 θέλγητρα,
1219 517 1296 546 και
1315 497 1501 545 παντοῖα
1516 496 1551 545 ἒν
1565 495 1704 565 ὲαυτῷ

441 598 550 638 εχσν.
583 575 638 625 ἑνί
652 595 695 624 τε
715 574 842 642 λογῳ
861 580 1041 623 συνελων
1054 609 1065 626 ,
1092 576 1222 632 φαίην
1242 566 1314 625 αν,
1336 593 1522 629 τοιαυτης
1541 594 1613 639 μοι
1633 594 1703 631 της

440 650 585 721 ῳὸης’
565 670 724 700 ακουειν
739 649 892 733 νόμιζε,
900 647 994 732 Νσίἀν
1010 643 1115 703 εἰκος
1129 645 1226 697 εἶναι
1243 669 1309 706 την
1324 643 1395 696 δια
1411 670 1594 697 τοιουτων
1611 669 1704 709 χει-

439 725 547 779 λῶν,
568 725 644 775 δι”
635 729 785 774 εκείνων
805 715 850 773 δε
865 746 941 774 των
958 721 1117 800 ὁὸρντων
1138 722 1338 783 {Saffo-av.
1359 721 1571 810 ἑωρακας
1566 714 1611 772 δε
1625 745 1704 774 και

358 821 409 868 15
442 824 586 857 αυτος,
606 824 648 860 ην
667 810 805 868 Φημι,
828 820 936 849 ωστε
950 796 1028 848 και
1041 794 1263 857 ἀκηκοέναι
1278 797 1424 866 νομιζε.
1440 796 1507 848 To
1521 819 1596 865 μεν
1609 819 1704 865 γαρ

439 869 616 948 ακριβες
632 899 748 926 τουτο
764 898 833 934 της
853 885 990 935 φωνης
1002 910 1012 927 ,
1031 896 1108 925 και
1128 871 1321 943 καθαρως
1337 870 1527 928 Ἰωνικὸν,
1545 896 1623 924 και
1644 873 1704 924 ’σ’τι

439 950 647 1022 ὁμιλησαι
673 949 906 1018 στωμυλη,
936 972 1014 1000 και
1042 960 1158 1000 πολυ
1189 972 1266 999 των
1296 948 1497 1000 ’Arvinam
1521 955 1704 1021 χαρίτων

438 1026 626 1090 έ,χουσ-α
650 1020 737 1078 οὐδε
756 1024 1001 1094 θαυμάζειν
1027 1025 1152 1086 αξισν
1177 1025 1348 1095 πάτριον
1371 1022 1461 1092 γαρ
1483 1029 1609 1089 αὐτη,
1627 1048 1705 1076 και

438 1126 697 1175 προγονικον,
727 1095 817 1153 οὐδε
843 1101 999 1158 ἄλλως
1025 1099 1165 1189 ὲχρην,
1196 1096 1463 1170 μετέχουσαν
1482 1124 1561 1152 των
1582 1102 1707 1160 Ἀθη-

439 1185 557 1231 ναίων
577 1201 698 1230 κατα
717 1201 786 1239 την
806 1182 1019 1228 αποικιᾞαν
1047 1169 1136 1228 οὐδε
1155 1187 1248 1242 γαρ
1267 1177 1379 1227 οὐδ”
1369 1199 1488 1228 enemo
1510 1175 1706 1246 θαυμαί-

440 1259 568 1323 σαιμ,’
588 1252 660 1310 ἂν,
683 1262 716 1306 εἰ
742 1277 818 1305 και
840 1275 1001 1313 ποιησει
1022 1258 1181 1334 χαίρει,
1203 1274 1280 1303 και
1305 1275 1364 1303 τα
1389 1250 1549 1305 πολλα
1572 1275 1705 1318 ταυτῃ

439 1334 604 1400 ὁμιλει,
633 1354 703 1382 του
724 1327 915 1401 Ομηρου
943 1334 1112 1386 πολιτις
1134 1350 1255 1380 ουσα.
1281 1334 1367 1397 μία
1389 1350 1464 1397 μεν
1487 1327 1540 1389 δη
1556 1351 1705 1384 σοι,ω
1670 1324 1705 1379 ὡ

440 1408 624 1461 Λυκῖνε,
644 1411 953 1467 καλλιφωνίας
973 1429 1100 1464 αντη,
1125 1427 1201 1455 και
1223 1404 1326 1473 asida}
1346 1427 1481 1460 εικων,
1503 1406 1558 1462 ὡς
1577 1428 1628 1456 αν
1647 1427 1708 1461 τις

439 1481 512 1534 ἔπι
535 1506 580 1534 το
604 1479 780 1534 ’ἔλαττον
804 1482 1000 1534 εἰκασειε.
1035 1503 1186 1532 cnon-ea
1207 1461 1252 1532 0⁹}
1271 1476 1318 1541 δὴ
1337 1504 1414 1532 και
1434 1504 1515 1539 τας
1535 1479 1704 1537 ἄλλοις

441 1617 544 1657 veris
570 1630 703 1666 aures,
733 1617 847 1656 etiam
875 1629 942 1670 per
965 1629 1094 1656 ceram
1121 1615 1336 1669 penetrabit
1366 1614 1434 1655 tibi
1462 1625 1620 1655 cantus:
1645 1625 1709 1655 ta-'

441 1678 489 1718 lis
517 1680 660 1719 auditio
687 1678 740 1719 est
771 1679 1053 1733 Terpfichorae
1081 1677 1296 1725 cuiusdam,
1322 1689 1390 1718 aut
1416 1678 1708 1732 Melpomenes,

441 1752 510 1780 aut
533 1740 645 1794 ipsius
669 1741 862 1794 Calliopes
891 1755 914 1782 e
939 1741 1160 1795 disciplina,
1191 1741 1386 1782 sexcentas
1408 1743 1534 1782 omnis
1557 1743 1708 1796 generis

439 1802 643 1854 complexa
673 1802 876 1843 illecebras.
906 1804 1000 1844 Uno
1026 1805 1149 1844 verbo
1169 1805 1497 1858 comprehendens
1519 1805 1679 1845 dixerim
1693 1835 1708 1853 ‚
1731 1794 1746 1802 ’

437 1875 528 1902 eum
553 1865 644 1903 mihi
671 1877 825 1904 cantum
851 1866 984 1906 audire
1011 1877 1048 1905 te
1077 1877 1197 1919 puta,
1222 1867 1374 1919 qualem
1406 1865 1480 1905 esse
1501 1867 1711 1915 convenit,

437 1927 508 1978 qui
532 1939 599 1978 per
624 1926 729 1966 labra
749 1927 861 1974 talia,
882 1941 949 1981 per
976 1928 1064 1968 illos
1086 1928 1216 1968 dentes
1235 1929 1466 1981 egrediatur.
1489 1927 1623 1967 Vidisti
1642 1941 1709 1968 au-

437 1998 514 2027 tem
539 1987 642 2042 ipse,
664 2003 778 2042 quam
800 1990 910 2030 dico:
929 1991 1062 2043 itaque
1085 2001 1198 2042 puta,
1213 2003 1250 2030 te
1271 1991 1384 2030 etiam
1405 1990 1556 2030 audisse.
1581 1990 1708 2031 Accu-

436 2061 542 2088 ratus
566 2050 666 2089 enim
689 2050 750 2090 ille
765 2049 914 2097 sermo,
935 2051 1125 2092 &Ionica
1147 2053 1314 2106 puritas,
1338 2052 1379 2092 δι
1398 2052 1504 2106 quod
1518 2062 1652 2105 arguta
1667 2053 1706 2091 in

435 2111 712 2152 consuetudine
743 2113 954 2165 loquendi,
985 2113 1026 2152 &
1055 2114 1218 2154 multum
1242 2113 1463 2154 Gratiarum
1488 2113 1706 2153 Atticarum
1763 2147 1764 2151 ,

435 2175 550 2214 habet
563 2207 574 2224 ‚
588 2188 712 2229 neque
735 2176 984 2215 admiratione
999 2175 1180 2229 dignum,
1199 2189 1289 2216 cum
1309 2176 1472 2230 patrium
1490 2175 1563 2216 hoc
1578 2174 1628 2215 illi
1639 2175 1707 2225 fit,

435 2236 478 2276 δι
490 2237 537 2275 ab
558 2237 643 2290 ipfis
662 2237 825 2276 trafium
849 2237 1069 2277 maioribus.
1096 2237 1234 2291 Neque
1247 2237 1355 2276 aliter
1374 2249 1458 2276 eam
1476 2237 1706 2290 oportebat,

433 2310 537 2350 quae
558 2297 639 2350 ipso
655 2298 835 2337 coloniae
858 2298 965 2344 iure,
980 2297 1132 2338 Atticae
1151 2298 1320 2339 civitatis
1338 2297 1383 2337 sit
1406 2298 1606 2352 particeps.
1627 2297 1709 2337 Ne-

434 2373 512 2412 que
535 2373 634 2400 vero
654 2359 745 2399 illud
767 2360 976 2400 admiratus
1000 2359 1164 2408 fuerim,
1186 2359 1213 2400 si
1228 2359 1334 2414 poesi
1353 2361 1469 2400 etiam
1490 2359 1706 2413 gaudet,&

436 2419 599 2460 multum
630 2421 670 2458 in
699 2433 743 2459 ea
765 2419 962 2470 versatur,
988 2434 1088 2474 quae
1115 2421 1278 2462 Homeri
1306 2421 1402 2461 civis
1425 2420 1482 2460 fit.
1511 2419 1705 2460 Nimirum

436 2482 530 2522 haec
561 2496 637 2522 una
667 2482 762 2530 tibi,
787 2482 962 2533 Lycine,
989 2484 1141 2536 pulchri
1169 2483 1352 2523 sermonis
1377 2483 1478 2522 illius
1505 2481 1547 2522 δι
1570 2491 1707 2522 cantus

440 2544 591 2598 imago,
619 2557 738 2600 prout
758 2545 872 2600 poffit
893 2559 978 2588 eam
1006 2547 1141 2601 aliquis
1163 2547 1202 2587 in
1225 2547 1392 2588 deterius
1414 2546 1606 2600 effingere.
1634 2543 1707 2586 Sed
