1764 3419
433 243 530 300 446
633 239 1494 289 ANNOTATIONES

486 326 650 380 Pag.88.
667 329 690 366 l.
707 326 889 380 3.Θοιλ>.ᾦ
911 325 1157 378 ἐστεμμένον)
1177 328 1222 364 Tb
1245 328 1390 366 θαλλὸν
1414 326 1601 367 ἑντικὶἷθοιὸ
1622 327 1690 370 τιῗξ

429 380 561 421 &Aahx
574 381 725 421 nasac.
741 381 866 420 Schol.
885 379 951 418 Ms.
968 379 1065 430 Reg.
1082 393 1151 432 30¹
1164 393 1194 417 1.

486 437 559 472 ead.
575 436 598 472 l.
612 436 647 473 6.
663 434 773 485 Βουλΐι
791 433 886 480 &c.)
901 433 1003 472 Citat
1016 433 1106 471 haec
1123 432 1240 472 verba
1254 432 1383 472 Suidas
1398 433 1435 472 in
1453 434 1600 484 ἐπιτιμ.
1615 435 1689 474 Sed

432 487 484 526 ibi
509 499 690 540 corrupte
711 500 782 538 pro
806 483 897 525 αὐτὸ
919 486 1053 538 legitur
1078 482 1202 524 αὖτὸν.
1218 485 1343 537 Quod
1364 500 1452 526 cum
1475 487 1689 528 doffiffimo

432 541 568 579 editori
591 541 856 579 contubernali
882 549 965 578 tum
990 538 1199 578 indicaffem
1215 568 1227 586 ,
1249 539 1290 577 &
1308 552 1394 578 cum
1416 541 1590 592 pauculis
1612 542 1692 581 aliis

431 594 467 631 in
483 593 653 632 schedula
669 604 892 632 annotatum
906 591 1125 632 tradidissem
1136 623 1147 640 ,
1163 605 1206 631 ea
1223 591 1308 630 casu
1327 594 1456 644 aliquo
1477 595 1666 645 deperdita
1677 625 1691 641 ,

432 646 470 684 in
489 659 532 684 ea
551 647 608 685 ed.
626 646 804 685 omiss'um
821 645 917 685 fuit:
934 646 1038 698 quod
1053 658 1179 685 tamen
1193 645 1226 684 ei
1248 644 1369 684 fraudi
1383 645 1456 685 effe
1469 677 1479 691 ‚
1500 647 1688 686 tantillum

431 710 519 737 cum
543 699 609 746 sit,
623 701 676 738 ob
699 700 770 738 alia
787 699 827 738 δι
853 700 970 738 multa
990 699 1098 739 laude
1122 698 1208 737 sane
1228 698 1364 751 digna,
1382 700 1419 738 in
1434 712 1477 739 ea
1495 700 1553 740 ed.
1574 700 1620 739 ab
1641 713 1691 741 eo

430 750 582 792 summo
594 753 724 792 labore
736 752 910 805 praestita
922 783 933 799 ‚
955 753 1085 792 nolim.
1104 752 1259 791 SOLAN.
1672 755 1674 757 '

486 809 558 845 ead.
581 806 604 845 l.
619 821 655 854 7.
668 805 882 857 Ἐπίτιμος)
905 806 1009 845 Bene
1028 806 1181 845 monuit
1204 804 1416 844 Hemsterh.
1436 805 1472 845 in
1489 819 1606 858 marg.
1626 807 1692 846 ad-

430 859 597 898 eundum
613 859 815 899 Dukerum
831 861 876 898 ad
890 859 1072 910 Thucyd.
1090 872 1126 912 p.
1140 872 1235 911 339,
1247 859 1324 898 No.
1339 872 1399 912 25.
1412 858 1512 898 Cum
1527 872 1626 899 enim
1647 861 1691 899 &

430 911 612 963 Thucyd.
629 914 681 961 V,
699 926 732 952 c.
749 928 817 965 34,
831 913 988 960 habeat,
1008 911 1071 950 καὶ
1085 912 1191 951 ’ὀντες
1213 911 1383 962 ἐπίτιμοι
1396 941 1410 958 ,
1428 912 1466 952 8(
1483 912 1632 952 Duker.
1647 913 1691 952 il.

428 964 495 1004 lud
515 966 678 1005 verbum
694 979 741 1005 ex
757 966 833 1005 Th.
853 967 955 1018 Mag.
968 966 1070 1005 Suid.
1090 975 1205 1018 atque
1228 965 1387 1004 auctore
1403 965 1689 1018 Etymologici‚

430 1018 584 1072 hocque
596 1019 753 1059 Luciani
771 1020 861 1059 loco
875 1021 1033 1072 probet,
1052 1017 1138 1058 satis
1152 1029 1274 1070 patet,
1293 1019 1452 1070 probam
1466 1018 1539 1058 esse
1553 1020 1691 1059 Lucia-

430 1073 474 1110 ni
489 1072 706 1124 vulgatam,
724 1085 847 1125 neque
862 1073 897 1111 id
914 1073 953 1111 in
968 1072 1158 1121 ἑπιτίμιος
1173 1072 1395 1111 mutandum
1408 1085 1419 1120 3
1435 1072 1496 1112 sed
1510 1071 1692 1125 fignifica-

429 1138 472 1165 ἴε
482 1154 492 1172 ,
510 1129 567 1179 qui
579 1127 706 1178 integr-z
715 1128 817 1177 flzma
831 1126 866 1164 G·
879 1127 1116 1175 existimatione
1130 1127 1183 1178 est.
1200 1126 1346 1164 Rnrz.

487 1182 559 1218 ead.
577 1181 602 1219 l.
620 1195 632 1218 1
647 1194 677 1219 1.
701 1179 935 1232 Παλλαιιᾰς)
948 1179 1077 1218 Plures
1093 1178 1198 1217 fuiss'e
1212 1179 1363 1229 Scythis
1381 1192 1521 1219 uxores
1542 1179 1583 1219 δι
1599 1193 1692 1220 con·

428 1233 613 1279 cubinas,
631 1233 725 1272 infra
741 1234 878 1272 clarius
901 1234 1039 1286 patebit
1053 1244 1136 1284 cap.
1152 1246 1211 1284 39.
1233 1233 1335 1271 Idem
1357 1233 1402 1271 de
1415 1232 1633 1273 Thracibus
1643 1246 1692 1273 ex

430 1285 633 1326 Menandri
656 1286 874 1340 fragmento
900 1286 1047 1326 constat
1069 1300 1089 1324 a
1108 1285 1298 1325 Strabone
1315 1286 1352 1324 in
1368 1298 1451 1325 eam
1474 1299 1553 1326 rem
1576 1287 1693 1327 addu-

431 1341 518 1386 eto,
537 1340 762 1393 calculoque
783 1339 853 1379 fito
874 1339 1152 1392 comprobato,
1172 1339 1238 1378 lib.
1254 1339 1353 1386 VII,
1378 1353 1412 1392 p.
1428 1353 1502 1393 297
1524 1341 1582 1380 ed.
1605 1339 1690 1380 Par.

429 1405 508 1445 qua
522 1394 567 1432 de
582 1407 621 1433 re
634 1393 728 1433 infra
744 1394 926 1446 pluribus.
942 1395 1099 1433 SOLAN.

485 1450 557 1485 ead.
572 1448 597 1486 l.
613 1461 626 1485 1
638 1462 670 1499 3.
687 1447 924 1499 Δημητρίου)
943 1447 1063 1494 Idem,
1087 1445 1134 1485 de
1151 1457 1232 1499 quo
1255 1445 1499 1486 Philostratus
1518 1446 1592 1495 IV,
1616 1461 1687 1497 24,

430 1500 496 1551 qui
513 1500 591 1548 Vl,
605 1515 669 1553 33,
679 1500 715 1539 in
729 1499 949 1552 quibusdam
961 1499 1084 1540 Codd.
1097 1499 1244 1540 Συνιεὺς
1260 1513 1333 1549 pro
1348 1500 1512 1552 vulgato
1530 1500 1629 1540 Κύων
1640 1503 1693 1540 di-

428 1553 550 1601 citur3
568 1554 657 1593 vide
671 1554 786 1593 etiam
806 1553 976 1593 nostrum
988 1554 1094 1606 Ὀρχ.
1111 1566 1145 1592 c.
1161 1554 1222 1606 63.
1240 1550 1386 1593 Unicus
1404 1553 1515 1593 restat
1529 1552 1692 1608 scrupu-

429 1605 510 1653 lus,
522 1607 627 1658 quod
640 1606 863 1646 Demetrius
877 1607 943 1647 iste
955 1638 965 1654 ,
979 1609 1198 1660 quicunque
1211 1607 1359 1646 tandem
1372 1605 1446 1654 est,
1459 1607 1571 1647 etiam
1585 1619 1666 1648 tum
1679 1639 1693 1659 ,

430 1671 518 1699 cum
536 1660 672 1701 auekor
685 1661 777 1701 haec
796 1661 997 1708 scriberet,
1010 1661 1048 1700 in
1063 1660 1164 1700 vivis
1176 1659 1283 1701 fuisse
1296 1661 1476 1709 videtum
1493 1661 1582 1702 vide
1603 1675 1687 1717 cap.

497 1714 538 1753 δι
579 1729 614 1762 4.
626 1715 785 1754 SOLAN.

434 1727 596 1807 33ead.3l.
612 1781 626 1806 1
639 1781 671 1817 ς.
686 1768 741 1818 Τῷ
754 1766 1024 1820 Ἀλωπεκῆθεν)
1044 1767 1220 1821 Alciphr.
1242 1767 1296 1808 111
1307 1797 1318 1814 ‚
1335 1767 1402 1819 Ep.
1418 1781 1466 1820 3⁷
1481 1781 1536 1820 pr.
1556 1767 1629 1818 ’ᾔειν
1641 1768 1694 1810 εἰς

430 1818 722 1872 Ἕρμαφροέίτσυ
736 1851 747 1867 ,
763 1821 817 1870 ’τῷ
828 1821 1072 1863 Ἀλωπεκῆθεν
1088 1823 1232 1863 ταύτην
1257 1818 1499 1861 ἁιτιθήσουσα.
1513 1821 1576 1862 De
1593 1835 1694 1875 pago
1763 1832 1764 1847 ¹

429 1885 559 1912 autem
582 1875 718 1914 Attico
738 1875 928 1916 Ἀλωπεκῦι
951 1876 1016 1915 vel
1039 1875 1250 1915 Ἀλωοι-εκαὶ
1273 1876 1352 1915 vid.
1371 1874 1512 1914 Meurs.
1535 1876 1582 1915 de
1631 1889 1690 1930 ag.
1763 1881 1764 1889 ¹

428 1927 512 1965 Att.
530 1927 576 1966 Et
597 1928 701 1981 reliq.
718 1929 798 1968 Att.
821 1941 903 1981 pag.
918 1943 955 1980 7.
969 1928 1046 1969 Ubi
1058 1941 1106 1968 ex
1120 1929 1309 1970 Aeschine
1321 1929 1456 1974 docet,
1473 1927 1575 1968 abfui
1607 1943 1628 1969 e
1641 1931 1690 1970 ab
1763 1925 1764 1943 ¹

428 1981 526 2019 urbe
547 1980 670 2021 stadiis
683 1983 834 2022 circiter
847 1982 1057 2023 duodecim.
1072 1983 1118 2022 Et
1140 1995 1188 2022 ex
1211 1983 1398 2023 Aristaen.
1414 1982 1454 2030 1,
1469 1982 1536 2035 Ep.
1554 1999 1601 2032 4,
1613 1983 1690 2023 ‘Ior-
1761 1991 1764 2020 ε

430 2033 527 2072 πίοις
541 2032 556 2072 ὁ
571 2038 699 2083 καλὸς,
712 2034 727 2073 ὃ
739 2034 990 2075 Ἀλωπεκῆθεν
1006 2037 1083 2076 &c.
1096 2035 1205 2076 affert
1216 2067 1229 2083 ,
1244 2037 1309 2090 qui
1323 2037 1407 2075 eod.
1422 2037 1539 2076 modo
1553 2037 1690 2077 adver-

428 2085 575 2126 bialiter
590 2101 677 2128 cum
694 2089 855 2128 articulo
876 2089 1006 2140 ponit,
1026 2101 1068 2128 ut
1091 2089 1246 2130 Lucian.
1265 2090 1409 2130 RmTz.
1479 2099 1485 2107 ·

484 2142 556 2178 ead.
574 2142 597 2179 l.
615 2142 673 2181 16.
687 2141 749 2180 Ἐκ.
762 2142 931 2194 παίδων)
944 2142 1066 2183 Modo
1079 2143 1124 2182 ἐκ,
1137 2142 1297 2191 omum,
1312 2155 1355 2183 ut
1366 2143 1534 2196 Alciphr.
1548 2143 1587 2192 I,
1603 2157 1688 2198 pag.

430 2205 505 2244 30,
520 2194 638 2234 modo
660 2195 701 2233 ἐκ
719 2195 880 2236 παίὲων.
901 2195 1058 2251 Qualis
1078 2210 1205 2237 tamen
1220 2197 1279 2238 hic
1299 2197 1546 2249 frequentior.
1563 2198 1689 2251 Supra

428 2258 511 2298 cap.
528 2260 541 2285 1
551 2260 571 2285 2
585 2249 695 2298 φίλος
711 2249 753 2288 ἐκ,
766 2249 917 2289 mismo
931 2251 977 2290 ἦν.
992 2250 1100 2290 Adde
1114 2251 1283 2291 Demon.
1298 2264 1329 2291 c.
1345 2265 1381 2304 3,
1397 2250 1437 2290 δι
1450 2251 1548 2292 alibi.
1561 2252 1690 2292 Hero-

429 2299 529 2339 dian.
543 2300 622 2349 111,
640 2314 699 2353 ις,
715 2316 731 2341 ι
744 2316 774 2342 ι.
787 2304 842 2342 At
852 2303 905 2342 ibi
918 2304 1150 2356 ἀμφοτέρους
1166 2306 1433 2359 praemittitur,
1447 2306 1620 2358 adeoque
1634 2306 1691 2345 ni-

428 2352 479 2392 hil
496 2354 645 2394 mirum.
662 2355 733 2396 Sed
746 2356 834 2408 quid
847 2357 953 2409 plura
968 2358 1004 2396 in
1017 2370 1057 2396 re
1074 2357 1191 2397 nota?
1208 2358 1333 2397 Latini
1347 2370 1468 2410 aeque
1480 2373 1503 2397 a
1512 2359 1627 2410 pueris
1636 2359 1693 2400 di-

429 2418 525 2446 cunt
535 2436 546 2454 ‚
562 2417 676 2460 atque
690 2426 713 2448 a
725 2425 826 2461 puero
838 2440 850 2456 ‚
867 2410 908 2449 δε
926 2412 1030 2462 prius
1042 2413 1196 2463 quidem
1210 2411 1454 2464 frequentius.
1471 2412 1615 2451 Rn'rz.

484 2461 573 2514 Pag.
587 2462 650 2513 89.
667 2463 692 2501 l.
711 2477 742 2502 1.
754 2462 876 2512 Ῥοδίῳ
892 2486 936 2493 -
953 2464 1149 2518 σοφιστῇ)
1165 2465 1268 2518 Quis
1283 2465 1343 2504 ille
1356 2465 1534 2505 Rhodius
1552 2465 1689 2518 Sophi-

430 2512 482 2560 ssa
493 2513 668 2566 Cynicus
679 2517 693 2557 ?
705 2516 771 2556 An
785 2517 1055 2572 Agathobulus
1069 2519 1153 2565 ille,
1167 2520 1214 2560 de
1234 2531 1314 2573 quo
1331 2525 1476 2571 Δημων.
1491 2531 1576 2571 cap.
1591 2533 1628 2572 3,
1648 2519 1689 2559 &
1760 2539 1764 2547 ·
