1764 3419
315 254 417 300 IN
483 250 1027 300 IMAGINES.
1116 274 1120 277 -
1204 257 1288 319 381

93 341 164 381 ead.
178 341 202 380 l.
217 334 417 394 3.”Ὀστις)
431 341 530 393 Lege
543 337 642 386 ίίτις,
656 340 712 379 uti
727 339 766 378 δι
780 339 945 379 coniecit
961 339 1096 392 aliquis
1107 341 1144 379 in
1161 346 1299 396 margi·

41 405 90 434 ne
104 395 203 434 Cod.
218 394 298 434 L.s1
316 395 362 433 de
382 393 520 434 femina
534 394 688 446 intelligi
702 393 808 438 velis,
832 405 871 431 ut
891 393 1002 445 supra
1019 405 1051 432 c.
1066 395 1153 441 2,&
1173 396 1237 435 Ἐν.
1252 405 1299 437 Δ.

42 447 112 486 VI.
126 447 281 487 somn.
298 447 374 486 Etfi
387 448 618 499 permutatio
633 447 780 499 generis
794 447 828 484 in
841 445 945 484 simili
960 446 1156 487 locutione
1168 449 1299 488 locum

41 500 180 539 habere
202 500 336 553 poffit,
366 512 408 538 ut
430 500 622 539 masculin.
637 503 674 538 in
690 500 853 552 generali
870 501 1194 552 interrogatione,
1218 514 1302 542 tan·

41 565 158 606 quam
174 554 319 607 dignius
332 566 374 592 ac
389 552 609 592 femininum
625 552 740 591 subse
754 552 1007 605 complefiens
1019 583 1028 600 ‚
1050 554 1300 606 praeferatur,

41 619 76 646 e.
91 619 123 646 c.
138 607 235 646 Ach.
249 608 336 646 Tat.
353 607 392 652 I,
407 620 441 658 p.
455 621 493 654 7,
517 607 616 645 πολὺ
632 604 766 645 πλῆθος
779 605 929 645 οἰκετᾶν
944 607 1007 644 mi
1024 609 1302 658 θεραπαινίδων

42 658 90 698 ac
107 660 387 723 συνεκπέμψας
400 659 414 698 ὁ
429 661 656 711 Σώστρατος
671 659 810 711 ἔτυχεν
823 659 910 698 ταῖς
923 660 1107 712 μὶιιινοιιξίν.
1121 662 1157 700 ἐν
1170 663 1301 712 μέσοις

41 712 87 751 2⁸12
100 706 137 753 ἦν
153 714 247 766 γυνὴ
265 729 283 753 n
302 715 472 766 par-ydem.
493 713 611 764 Quae
634 711 842 764 posteriora
865 713 916 751 ibi
935 714 1034 752 reete
1047 715 1198 766 quidem
1214 730 1302 756 ver-

44 776 199 813 tuntur,
225 768 314 806 Inter
326 779 391 805 eas
404 768 519 805 mulier
531 777 604 803 erat
614 781 767 818 procera,
781 764 840 804 sed
855 765 950 804 servi
970 767 1010 805 δι
1028 769 1181 808 ancillae
1194 783 1302 810 erant

41 820 241 871 permixti:
267 830 385 872 utque
401 820 489 858 alias
506 820 653 871 generis
668 821 968 870 permutationes
983 821 1093 860 etiam
1113 821 1219 875 saepe
1240 824 1301 863 su-

43 885 113 924 pra
137 873 312 920 vidimus,
326 872 366 911 &
382 872 484 912 Dial.
500 873 574 925 seq.
591 886 624 911 c.
637 886 660 925 9
677 873 908 911 videbimus:
933 874 992 912 hic
1009 885 1134 914 tamen
1150 878 1301 918 minime

43 924 237 965 ferendum
255 927 418 965 arbitror
432 931 476 965 τὸ
498 927 623 973 ὅστις,
647 936 802 977 propter
823 925 1108 975 confusionem,
1132 943 1247 981 quam
1262 931 1302 970 id

71 991 210 1027 areret,
226 980 313 1032 quia
327 979 376 1019 fic
391 980 437 1018 ad
460 981 678 1032 proximum
696 978 896 1030 Σμυρναῖον
921 979 1135 1021 referretur.
1163 983 1301 1035 Quare

0 1069 1 1078 ,
44 1030 130 1073 ἥτις
142 1032 377 1086 recepissem,
407 1044 449 1072 ut
464 1046 597 1072 revera
612 1033 869 1084 recipiendum
885 1034 1005 1080 duco,
1028 1033 1056 1072 fi
1075 1035 1137 1075 vel
1162 1037 1199 1075 in
1220 1051 1303 1077 uno

42 1087 139 1126 Cod.
154 1099 218 1126 aut
231 1087 288 1126 ed.
301 1085 531 1126 inveniffem.
544 1086 604 1125 Ne
617 1099 713 1125 vero
727 1087 944 1126 criminetur
960 1088 1107 1140 aliquis,
1123 1091 1226 1142 quod
1239 1091 1301 1130 vel

45 1141 116 1180 alia
129 1139 206 1179 fine
221 1140 409 1179 Codicum
424 1139 652 1179 auetoritate
676 1140 880 1192 receperim
891 1169 905 1186 ,
929 1141 1063 1180 habeat
1081 1142 1120 1181 &
1139 1145 1212 1183 hoc
1229 1158 1301 1197 pro

45 1206 221 1245 recepto,
239 1193 419 1246 sciatque,
443 1207 504 1233 me
520 1206 646 1233 tamen
660 1193 815 1232 modum
830 1193 992 1237 servare,
1011 1195 1050 1233 δι
1062 1208 1140 1234 non
1155 1198 1220 1235 nist
1238 1212 1304 1237 ur·

45 1259 158 1300 gente
169 1247 385 1286 neceffitate
400 1248 434 1285 id
451 1248 575 1286 facere
593 1247 631 1285 in
645 1247 710 1292 iis,
733 1247 798 1286 ubi
819 1245 928 1286 facile
948 1247 1099 1287 lectoris
1118 1249 1301 1290 affensum

45 1301 204 1339 nancisci
229 1300 350 1352 spero.
375 1301 518 1339 Rerrz.
549 1301 650 1340 Cum
675 1300 822 1339 videam
846 1310 992 1339 tantum
1017 1302 1238 1342 consensum
1261 1306 1303 1344 in

43 1353 165 1400 ‘do-⁷15,
180 1354 345 1407 illudque
359 1367 430 1406 pro
445 1351 530 1393 {4715
545 1354 636 1406 poni
656 1366 735 1393 non
751 1352 1032 1393 observaverim
1046 1369 1059 1403 ;
1077 1357 1219 1408 incipio
1236 1372 1306 1409 pu-

46 1418 141 1453 tare,
153 1409 244 1447 illud
260 1421 338 1448 non
351 1407 481 1447 referri
494 1408 539 1447 ad
555 1408 764 1455 mulierem,
778 1406 838 1446 sed
852 1407 896 1446 ad
908 1408 1125 1460 Σμυρναῖον,
1139 1411 1212 1449 hoc
1224 1411 1304 1450 sen-

44 1460 87 1500 su
102 1490 113 1508 ‚
131 1464 248 1514 Neque
258 1463 507 1515 interrogaveris
518 1465 740 1513 Smyrnaeum
755 1461 850 1500 illum
863 1490 872 1507 ,
887 1460 1037 1514 quisquis
1044 1464 1163 1513 ficerit.
1190 1464 1302 1516 Quid

44 1517 147 1554 enim
174 1515 483 1567 interrogandum
514 1514 626 1554 fuerit
641 1545 655 1562 ,
686 1528 708 1554 e
734 1513 987 1566 superioribus
1019 1515 1102 1556 satis
1132 1531 1303 1571 apparet.

44 1568 312 1620 Smyrnensem
329 1569 434 1608 illum
450 1569 560 1607 etiam
575 1568 823 1620 ignorabilem
838 1568 1030 1608 hominem
1048 1572 1154 1622 ponit
1176 1585 1301 1611 narra-

45 1624 116 1661 tio.
137 1622 335 1669 Ceterum,
347 1635 445 1675 quae
461 1622 575 1661 fuerit
588 1623 679 1662 haec
694 1623 848 1661 Pasithea
860 1622 1018 1662 Luciani
1032 1623 1165 1671 nostri,
1177 1626 1305 1664 erudi-

47 1686 86 1714 te
107 1675 319 1729 disputabat
344 1677 400 1716 M.
415 1677 466 1716 V.
480 1676 524 1715 de
543 1676 578 1715 la
591 1675 718 1715 Croze
740 1677 776 1714 in
793 1675 946 1715 Miscell.
962 1677 1130 1717 Berolin.
1146 1679 1194 1718 T.
1211 1679 1249 1724 Ι,
1265 1693 1300 1730 ρ.

50 1742 112 1782 30.
126 1729 316 1776 Breviter,
329 1730 460 1769 Avidii
472 1729 584 1769 Caffii
599 1742 760 1768 uxorem
775 1730 981 1782 legitimam
1003 1732 1161 1772 coniicit
1173 1732 1236 1773 vel
1253 1746 1302 1772 eo

48 1784 221 1831 nomine,
236 1784 340 1836 quod
356 1784 444 1823 alias
456 1783 614 1823 obscura
632 1783 705 1822 effe
719 1796 796 1823 non
811 1782 942 1835 poffet.
962 1784 1089 1825 GEsN.

101 1839 173 1875 ead.
189 1838 212 1876 l.
230 1851 289 1886 14.
309 1834 444 1889 Αὗτὶς)
461 1838 561 1890 Lege
571 1833 704 1884 οὕτως,
718 1837 780 1876 vel
795 1833 901 1876 αὐτό.
921 1838 1079 1879 SOLAN.

102 1890 192 1941 Pag.
209 1906 239 1942 5.
252 1892 320 1930 l.6.
337 1891 507 1942 Kvisiesv)
531 1891 631 1943 Lege
646 1890 776 1940 Κνίὸῳ.
796 1890 952 1930 SOLAN.

103 1946 175 1982 ead.
191 1945 214 1983 l.
229 1944 264 1983 8.
279 1944 349 1984 Τὴν
364 1944 576 1996 ’,Αφροὲἱτην
594 1967 637 1974 -
654 1942 797 1996 αὐτῶν)
810 1945 1003 1985 Venerem
1016 1945 1189 1986 Cnidiam
1204 1961 1302 1988 mar-

50 2010 242 2043 moream,
263 1998 445 2051 Euploiam
466 2012 487 2037 a
501 1997 644 2038 Cnidiis
661 2008 943 2050 nuncupatam,
963 2012 1080 2052 quam
1101 2001 1303 2042 Praxiteles

50 2050 150 2098 fecit,
165 2052 290 2103 magni
305 2052 473 2091 aestimat
485 2052 639 2091 Lucian.
653 2053 689 2090 in
703 2053 877 2091 Amorib‚
889 2053 970 2093 Nec
982 2066 1042 2092 me
1054 2053 1171 2106 fugit,
1191 2055 1226 2093 id
1238 2055 1304 2094 Sa-

3 2103 6 2105 *
49 2105 101 2143 mi
113 2103 308 2157 contigiffe
326 2106 373 2144 ab
385 2106 585 2145 Athenaeo
602 2104 675 2145 effe
695 2106 908 2158 proditum,
923 2108 989 2158 qui
1002 2108 1200 2147 volumine
1212 2109 1305 2148 XIII

48 2157 205 2197 Cnidiae
223 2160 382 2198 Veneris
404 2158 606 2198 simulacro
626 2159 841 2212 effingendo
861 2159 1033 2211 Phrynes
1055 2163 1196 2201 amicae
1214 2176 1303 2202 cor·

50 2212 154 2263 poris
171 2212 406 2252 venustatem
427 2212 534 2266 quast
556 2213 749 2265 exemplar
771 2214 959 2252 imitatum
978 2214 1052 2254 effe
1073 2215 1301 2255 Praxitelem

0 2275 1 2303 l
51 2266 262 2304 contexuit.
272 2266 360 2305 Val.
376 2266 482 2305 Max.
497 2266 640 2306 COGN.
653 2266 863 2319 Ἀφροὲίτην
874 2279 956 2307 eam
969 2268 1158 2321 intelligit,
1169 2270 1212 2309 de
1226 2282 1302 2322 qua

50 2319 91 2357 in
105 2320 221 2370 Ἐρωτ.
234 2332 266 2359 c.
287 2334 300 2359 1
314 2333 346 2368 ι,
369 2334 431 2372 13,
452 2319 572 2359 multa
591 2320 717 2373 legisti.
736 2321 892 2360 SOLAN.

104 2377 176 2411 ead.
189 2373 212 2411 l.
227 2386 263 2424 9.
279 2372 397 2425 Πραξ.
414 2395 459 2403 -
476 2373 609 2425 ndum.)
624 2375 907 2426 Anadyomene
919 2374 1058 2414 Latinis
1072 2376 1187 2414 etiam
1202 2375 1301 2416 dice·

52 2425 173 2464 batur.
190 2426 240 2465 V.
263 2426 381 2466 Ovid.
399 2428 483 2466 Art.
502 2429 591 2466 Am.
610 2427 688 2475 111,
704 2442 791 2481 223.
816 2429 1000 2468 Uraniam
1021 2429 1159 2468 Noster
1178 2440 1300 2469 vocat

51 2478 138 2519 Ὓετ.
154 2478 226 2518 Eia.
239 2492 272 2519 c.
287 2495 346 2532 23.
366 2481 523 2520 SOLAN.

103 2536 176 2573 ead.
188 2534 234 2572 l.1
246 2547 278 2573 ι.
292 2533 424 2586 Μῦθον)
439 2534 639 2575 Historiam
654 2534 769 2575 habes
778 2535 899 2588 Ἐρωτ.
915 2548 996 2587 c.15
1014 2534 1053 2574 δι
1072 2536 1128 2575 16.
1148 2535 1302 2577 SoLAN.
