1764 3419
0 2463 3 2545 i

0 2565 3 2664 Ι

261 221 332 271 IN
365 218 615 270 LUCIUM
649 219 786 269 SIVE
819 217 1074 266 ASINUM.
1123 276 1126 280 ι
1201 223 1298 288 49ξ

102 312 191 366 Pag.
207 313 294 364 178.
307 314 329 352 l.
347 325 405 353 ιο.
417 313 485 350 Καὶ
497 310 608 350 τοῦτό
618 326 681 361 μοι
696 310 766 351 ἤδη
779 308 1042 362 πεπράξεται)
1054 309 1192 348 Eadem
1206 324 1300 351 con-

50 365 205 406 struffio
219 367 271 406 est
283 365 378 406 infra
391 365 594 416 lovsrrag.
609 377 692 418 cap.
705 378 731 416 7
745 377 801 417 pr.
813 361 973 416 Ἀριστα
986 361 1208 415 κεκήρυκταί
1223 379 1297 405 σοι.

50 419 166 460 Conf.
181 420 222 459 &
237 418 336 472 supr.
348 433 379 460 c.
398 433 457 468 24·
471 418 618 457 Rtrrz.

104 475 178 512 ead.
192 476 216 511 l.
234 472 337 511 11.‘O
357 470 475 524 ὁμὸς)
497 471 551 510 Ita
566 471 616 509 Fl.
633 470 662 509 I.
675 471 758 508 Ald.
776 469 815 508 &
838 469 894 507 Fr.
910 469 964 508 At
986 468 1071 519 Bafi
1088 481 1121 507 2.
1142 469 1185 507 P.
1199 472 1239 509 S.
1258 469 1301 510 δε

53 529 109 567 A.
125 525 244 576 οὑμός.
265 528 346 564 Ven.
365 541 397 565 2.
413 538 508 564 vero
521 523 538 562 ὅ
552 524 651 574 ἐμός·
666 534 707 562 ut
724 535 860 563 omnes
872 523 955 561 libri
968 521 1135 561 scribunt
1148 534 1230 575 cap.
1248 523 1302 571 46

50 579 93 620 δι
111 592 169 630 ςς.
183 580 337 619 snm«.
359 574 510 630 Οὔμὴς)
535 577 642 629 Quia
665 589 723 616 res
746 575 798 615 est
813 577 917 627 parvi
930 607 941 624 ‚
960 576 998 615 ἃ
1019 576 1171 615 utrovis
1191 587 1301 616 more

50 632 236 680 scribitur,
249 631 396 671 servavi
420 632 481 671 hic
504 630 721 683 scripturam
745 629 932 668 Parisinae
953 629 1186 680 aliarumque
1208 641 1304 669 non-

52 686 244 726 nullarum
258 715 272 731 ,
290 684 356 724 etsi
377 697 468 724 mox
483 696 566 737 cap.
583 685 634 732 46
652 683 694 722 δι
712 696 754 736 ςς
775 683 903 722 eadem
922 695 1008 722 cum
1025 683 1160 723 ceteris
1178 681 1194 721 ὃ
1214 683 1304 734 ἐμὸς

51 739 218 779 exhibet.
244 738 390 778 Rtlrz.

107 793 214 831 ead.l.
234 806 292 841 14.
318 790 513 839 mulsos)
534 791 573 830 P.
596 790 636 830 δι
653 789 682 828 Ι.
699 789 756 828 ed.
782 787 936 828 κονίὲος.
957 787 1028 828 Sed
1048 800 1114 828 aut
1138 790 1304 841 genuina

52 845 116 885 hic
130 845 182 885 est
195 859 273 885 vox
289 847 418 891 καινὶς,
434 856 498 884 aut
512 843 689 895 scriptum
703 841 772 881 fuit
783 839 851 881 τοῦ
861 841 1040 881 κινὸὑνου.
1052 842 1207 882 SOLAN.
1220 844 1255 882 N
1260 843 1304 883 isi

53 899 209 939 κοπιὲος
224 912 272 938 ex
287 898 426 938 navisve
442 898 556 937 malis.
572 898 714 936 Rm‘rz.

106 955 180 991 ead.
193 953 216 991 l.
235 965 292 1002 ¹7·
305 951 533 1003 Ἀνατρέπω)
551 951 592 989 L.
605 951 729 990 Bosin
745 949 889 1001 Evang.
902 948 1008 988 Ioan.
1024 962 1057 989 c.
1074 963 1095 989 2
1108 978 1117 993 ,
1139 948 1305 1003 15‚(ubi

53 1004 212 1058 legimus
225 1035 236 1051 ‚
255 1005 318 1044 καὶ
337 1007 410 1044 τὰς
423 1005 616 1058 τραπέζας
633 1003 868 1055 ἀνέστρεψε)
882 1015 1038 1055 quoque
1055 1003 1182 1042 mallet
1203 1004 1306 1056 lege-

53 1072 97 1099 re
113 1058 318 1112 ἀνέτρεψε,
336 1059 441 1110 quod
459 1058 534 1098 hoc
552 1057 710 1096 verbum
726 1057 762 1094 in
787 1058 854 1095 hac
873 1069 913 1094 re
928 1057 1125 1109 proprium
1141 1056 1207 1104 fit,
1220 1069 1304 1096 non

53 1112 145 1152 item
164 1113 419 1164 ἀναστρέφειν.
432 1112 548 1164 quue
563 1124 610 1150 ex
630 1109 817 1149 Plutarch.
832 1109 931 1149 Gall.
947 1123 984 1162 p.
1004 1122 1114 1160 1055,
1134 1111 1224 1150 item
1248 1111 1305 1150 his

53 1166 214 1206 Luciani
227 1165 376 1211 verbis,
393 1166 432 1204 δι
447 1165 547 1206 Gall,
565 1178 597 1204 c.
613 1178 658 1202 12
670 1194 682 1210 ,
695 1175 739 1202 ac
758 1161 860 1201 Dial.
876 1163 1032 1202 Meretr.
1049 1164 1126 1203 XV
1142 1178 1195 1216 pr.
1210 1164 1306 1203 alio-

53 1232 132 1271 que
149 1232 196 1258 ex
210 1218 321 1259 eiusd.
338 1218 578 1258 Demonacte
593 1217 711 1269 petito
725 1215 940 1255 testimonio
960 1216 1159 1267 probatum
1173 1219 1201 1255 it
1211 1246 1224 1263 ,
1238 1217 1304 1256 ubi

55 1273 225 1312 suniliter
243 1273 529 1324 ἀνατραπέντος
547 1270 617 1310 τοῦ
635 1270 822 1320 σκάφους,
837 1269 996 1321 fitbverfiz
1017 1272 1122 1318 navi,
1143 1283 1303 1322 quoque

55 1327 248 1365 habemus.
265 1327 408 1378 Aitque
418 1355 432 1373 ‚
445 1325 533 1366 suae
543 1323 784 1364 conie&urae
798 1336 875 1362 non
889 1323 1036 1363 obstare
1047 1351 1058 1370 ‚
1079 1325 1183 1375 quod
1197 1324 1305 1362 Mat·

55 1380 189 1420 thaeus
209 1379 246 1419 81
263 1379 418 1419 Marcus
435 1393 513 1444 pro
536 1391 585 1418 eo
604 1378 745 1417 habent
768 1378 1056 1428 καταστρέφειν·
1075 1390 1162 1416 cum
1183 1390 1306 1415 κατα-

54 1435 230 1485 στρέφειν
243 1433 283 1472 &
307 1433 532 1485 ανατρεπειν
547 1433 584 1471 in
599 1431 806 1483 significatu
823 1431 932 1481 plane
945 1432 1179 1470 conveniant
1190 1460 1202 1476 ,
1225 1442 1306 1469 non

55 1487 107 1527 ita
130 1487 408 1538 καταστρέφειν
429 1487 469 1526 δι
493 1486 751 1537 ἀναστρέφειν.
770 1484 870 1523 Idem
890 1485 961 1522 iam
983 1484 1059 1536 egit
1076 1482 1106 1522 1.
1124 1484 1307 1524 Gronov.

55 1539 196 1593 supra(
209 1540 258 1580 T.
272 1541 344 1588 lv,
358 1542 475 1580 Zeux.
489 1552 524 1580 c.
544 1553 589 1579 ιο
599 1569 609 1585 ,
624 1553 660 1592 p.
679 1539 757 1577 hui.
769 1538 827 1577 ed.
845 1537 950 1589 447)
963 1537 1024 1576 ubi
1039 1535 1196 1589 ξἰρματα
1213 1537 1307 1576 ανα-

58 1593 299 1646 στρέψαντες
311 1594 408 1633 male
419 1594 509 1633 olim
524 1593 705 1633 redditum
719 1604 798 1631 erat
811 1622 823 1640 ,
836 1607 950 1630 currus
953 1591 1145 1644 subversos,
1160 1603 1247 1630 cum
1263 1590 1308 1630 fit

54 1647 246 1699 converfhs‚
260 1650 439 1696 redeuntes,
450 1648 669 1687 circumaaos.
683 1644 827 1685 Confer
840 1646 951 1684 etiam
963 1674 977 1691 ,
997 1644 1023 1683 s1
1039 1644 1145 1684 lubet
1155 1674 1168 1691 ,
1179 1644 1306 1697 Bergl.

57 1702 106 1741 ad
120 1700 316 1753 Alciphr.1
332 1732 343 1749 ‚
359 1701 425 1753 Ep.
449 1715 511 1749 27,
524 1700 603 1741 ὅλον
616 1714 667 1750 με
681 1695 777 1739 αὐτὴ
793 1701 898 1738 κατα
910 1698 978 1738 τὴν
995 1696 1196 1750 παροιμίαν
1208 1698 1309 1737 ἁνα-

56 1754 240 1806 ’τρέψασα
251 1784 266 1801 ,
281 1753 466 1793 δουλεύειν
481 1755 785 1807 ἀπηνάγκασας,
798 1768 847 1792 me
863 1763 967 1790 totum
976 1751 1158 1803 secundum
1171 1765 1307 1803 prover·

59 1810 150 1848 bium
157 1808 391 1861 subvertisti&
404 1809 528 1860 servire
541 1808 681 1860 coegisti.
698 1806 797 1858 Quo
820 1806 909 1846 loco
931 1806 993 1845 ille
1004 1805 1154 1846 Graece
1174 1805 1311 1858 perdo-

59 1862 144 1901 &us
159 1873 439 1902 commentator
452 1862 564 1902 docet
574 1892 586 1909 ‚
603 1861 649 1901 de
662 1861 910 1900 metatoribus
923 1859 1115 1911 prostratis
1128 1857 1236 1911 saepe
1251 1870 1314 1898 ca·

58 1916 101 1968 pi
113 1916 188 1956 hoc
200 1915 362 1955 verbum
375 1930 386 1964 ;
402 1914 462 1955 sed
474 1915 736 1968 metaphoram
751 1914 947 1954 deductam
964 1914 1012 1952 ab
1026 1912 1184 1951 inversis
1201 1911 1313 1953 vafis.

62 1969 113 2010 Et
130 1980 175 2009 ut
195 1970 278 2021 quis
295 1970 391 2009 dicat
403 2000 414 2016 ‚
435 1969 543 2022 parvi
556 1967 726 2008 intereffe
738 1998 751 2014 ,
765 1980 810 2007 ac
829 1971 902 2007 τας
921 1967 1118 2019 τραπέζας
1132 1967 1312 2019 ἀναστρε·

61 2022 219 2073 φθείσας
234 2022 341 2063 facile
354 2033 481 2062 tamen
493 2022 648 2075 intelligi
664 2021 828 2072 inverfias‚
845 2033 934 2060 cum
945 2020 986 2059 &
999 2019 1215 2071 ἀναστροφὴ
1228 2019 1315 2059 vul-

63 2089 118 2129 go
131 2076 313 2129 significet
324 2077 533 2128 inverfionem
544 2089 653 2129 ‚rego
666 2074 824 2115 viciffim
840 2075 916 2120 aio,
933 2073 1041 2128 saepe
1052 2075 1187 2113 mirum
1200 2085 1315 2125 quan-

63 2141 152 2170 tum
171 2130 353 2170 intereffe.
373 2130 416 2170 E.
434 2143 467 2170 c.
489 2131 642 2184 quando
655 2129 756 2182 apud
777 2129 882 2168 LXX
895 2159 906 2177 ,
920 2127 1054 2167 Ierem.
1071 2125 1221 2174 XLVI,
1241 2126 1317 2175 26,

64 2183 114 2223 al.
133 2197 197 2234 27,
214 2183 397 2237 legimus,
414 2184 476 2223 καὶ
492 2184 724 2237 ἀναστρέψει
744 2182 892 2230 Ἰακὼβ,
912 2182 1015 2235 quod
1034 2180 1108 2229 est,
1128 2181 1162 2218 δ’
1178 2192 1315 2219 reverte-

61 2250 123 2277 tur
140 2238 241 2278 Iacob
263 2251 309 2277 ex
326 2238 565 2290 captivitate,
579 2236 661 2277 five
683 2236 819 2276 redibit
838 2236 878 2275 in
902 2247 1039 2274 terram
1061 2233 1189 2273 suam:
1210 2233 1238 2273 fi
1261 2233 1315 2272 ibi

65 2291 254 2343 legeretur
273 2290 480 2344 ἀνατρέψει
493 2321 507 2338 ,
529 2303 647 2330 evertet
655 2306 674 2340 ‚·
693 2301 809 2344 quam
838 2289 1000 2329 multum
1025 2289 1100 2329 hoc
1119 2285 1315 2327 differret?

63 2343 216 2386 Rmrz.

123 2399 212 2452 Pag.
228 2412 311 2452 ¹79·
326 2399 350 2437 I.
374 2412 409 2446 4.
431 2397 526 2451 Γᾶς)
548 2397 644 2438 Illud
664 2399 761 2450 γὰρ,
780 2397 885 2450 quod
909 2397 946 2435 in
971 2394 1148 2436 omnibus
1169 2393 1318 2440 deerat,

61 2463 154 2546 {pdm
175 2452 252 2492 fine
254 2465 328 2547 520
347 2451 529 2492 sententia
552 2451 647 2492 stare
668 2461 747 2492 non
770 2449 910 2505 posset,
937 2462 986 2490 ex
1007 2448 1226 2490 coniectura
1249 2445 1320 2486 adq

130 2518 242 2547 imus.
314 2515 412 2547 LAN-
