1764 3419
246 218 316 266 ΙΝ
358 218 599 266 LUCIUM
650 216 785 287 SIVE
830 216 1127 279 ASINUM„
1218 237 1314 286 499

50 305 116 348 hic
135 306 319 360 significat
339 307 375 346 in
394 306 584 346 triclinium.
602 307 693 346 Vid.
716 305 858 346 Polluc.
879 305 918 353 Ι,
938 305 1062 358 Segni.
1079 319 1142 358 79.
1166 307 1315 349 Rnrz.

109 364 182 400 ead.
195 363 220 400 l.
237 374 294 401 10.
308 359 528 411 Παραθεῖνοιι
542 355 645 412 εἶπε)
658 357 870 399 Hemsterh.
882 360 920 398 in
934 372 1050 412 marg.
1062 359 1315 413 adscripserar,

53 414 328 454 consulendum
344 412 549 452 Dukerum
564 414 609 452 ad
624 413 804 463 Thucyd.
818 426 855 465 p.
867 414 966 460 462,
980 412 1030 451 80
1043 442 1053 459 ‚
1065 413 1089 451 i.
1105 426 1139 452 e.
1156 413 1194 451 L.
1213 415 1285 461 VH
1299 444 1314 460 ‚

54 481 87 508 c.
106 483 169 520 29,
185 468 251 506 ubi
262 468 291 506 is
301 480 348 506 ex
363 467 547 517 Thucyd.
559 466 715 505 Lucian.
731 479 773 505 ac
785 466 951 506 Theocr.
966 465 1091 511 docet,
1107 464 1224 505 εἰπεῖν
1236 466 1315 506 sae-

52 533 101 573 pe
120 521 248 560 valere
261 517 433 560 κελεύειν.
449 519 511 558 Ac
524 520 688 559 verbum
703 520 831 572 λέγειν
852 518 1016 558 similiter
1028 520 1160 558 iubendi
1172 519 1315 571 signifi-

52 585 143 614 catu
162 587 240 613 non
262 573 374 613 semel
387 584 599 612 occurrere.
621 570 738 612 Hunc
759 573 871 625 igitur
896 573 974 622 adi,
993 573 1033 612 &
1048 573 1228 613 brevitati
1241 586 1315 613 no-

52 627 147 667 strae
160 626 325 680 ignosce.
344 625 491 665 Rm‘rz,

107 681 186 720 ibid.
201 677 299 721 Εἶναι
315 679 377 719 ἐπ’
391 676 511 730 αὐτῇ)
525 675 651 718 Poffes
662 675 779 718 θεῖναι
793 678 1005 725 coniicere,
1022 677 1088 717 nisi
1103 678 1213 718 nimis
1223 689 1314 733 pro-⁴

53 747 100 786 pe
114 733 331 784 ’.παραθεῖναι
347 730 591 785 praeceffiffet
603 763 614 781 ,
630 732 736 784 quod
756 744 884 771 tamen
899 745 978 771 non
998 734 1094 772 adeo
1113 744 1286 773 curarem
1299 764 1313 782 ,

53 784 82 826 si
106 788 266 826 mutatio
290 785 380 825 esset
401 784 623 832 neceffaria3
642 785 702 825 sed
725 785 880 837 vulgata
901 782 995 825 stare
1017 786 1151 838 potest.
1173 785 1235 825 De
1253 786 1314 826 'vr’

53 836 154 890 αὗτῇ
173 851 302 880 autem
316 870 328 887 ‚
354 852 425 892 pro
447 839 508 878 ἐπ’
523 835 655 885 αὐτῆς,
680 840 788 890 quod
811 839 1001 886 usitatius,
1020 839 1106 879 vide
1131 838 1244 892 supra
1266 839 1314 879 ad

52 891 157 934 Tox.
173 906 205 933 c.
219 907 269 932 20
280 922 290 940 ‚
307 895 345 932 δι
360 893 435 932 hoc
451 891 555 930 Asin.
570 905 602 932 c.
621 906 672 940 44
686 893 709 931 f.
727 891 789 931 ἐπ’
804 892 895 942 ἐμοί.
911 892 1058 931 RErrz.

106 951 179 986 ead.
201 947 225 985 l.
244 960 299 985 ια..
323 945 650 1037 Κατακειμένουςί)
675 945 893 998 Legendum
912 946 1012 985 forte
1036 948 1313 1001 κατακεχυμέ-

52 1013 147 1047 vove,
167 999 233 1039 nisi
249 999 374 1039 forsan
393 1000 593 1051 legendum
631 1010 682 1048 it,
704 999 740 1038 ἐν
764 1000 868 1051 ’γάρῳ
888 1000 951 1038 καὶ
972 999 1086 1048 ἐλαίῳ
1112 1004 1314 1052 κειμένους.

52 1050 220 1094 GUYET.
241 1051 342 1106 Lege
361 1052 711 1106 κατακεχυμένους.
731 1052 889 1092 SOLAN.

107 1107 198 1159 Pag.
216 1107 299 1159 189.
316 1108 338 1144 l.
355 1107 391 1146 6.
413 1105 636 1159 Κατηχεῖν)
655 1103 801 1145 Rursus
822 1102 919 1145 infra
936 1107 1044 1159 Ζ.Τρ.
1063 1119 1144 1160 cap.
1163 1118 1210 1160 37
1226 1103 1251 1147 f.
1271 1105 1312 1147 &

53 1164 191 1200 Φιλοπ.
205 1173 239 1200 c.
254 1174 311 1209 17.
326 1159 483 1199 SOLAN.

105 1214 199 1266 Pag.
217 1226 300 1265 190.
317 1211 341 1252 l.
357 1227 389 1251 2.
402 1211 482 1251 Τοῖς
502 1209 732 1264 ὀφθαλμοῖς)
749 1208 872 1264 Quod
889 1208 915 1250 sl
936 1210 1089 1252 inverso
1105 1212 1238 1252 ordine
1259 1214 1312 1253 le-

80 1279 122 1306 as
144 1267 249 1318 ’ᾔτουν
269 1270 332 1305 τὸν
355 1265 519 1320 οἰνοχὸον
532 1296 545 1312 ,
563 1264 649 1304 τοὺς
667 1265 881 1316 ὀφθαλμοὺς
907 1266 1074 1311 κινήσεις,
1092 1276 1174 1305 tum
1199 1266 1312 1306 lefflo

52 1279 297 1360 florentinae
315 1321 551 1372 praevaleret
563 1319 765 1370 vulgatae;
787 1318 815 1357 fi
830 1318 1031 1370 vulgarem
1052 1320 1223 1358 ordinem
1238 1319 1314 1363 serf

52 1386 214 1420 vannus,
232 1373 375 1413 malum
393 1372 446 1412 est
461 1371 548 1411 τοὺς
559 1371 782 1423 ὀφθαλμούς.
796 1371 940 1410 RExTz.

107 1431 182 1467 ead.
194 1428 218 1466 l.
232 1440 268 1477 7.
282 1424 401 1467 Σκευῇ
420 1440 484 1476 μοι
502 1419 539 1465 ἦν
555 1424 797 1479 πολυτελὴς)
815 1426 918 1465 Licet
938 1421 1182 1464 Florentinae
1199 1423 1314 1466 leffio

53 1489 134 1520 non
151 1481 196 1521 fit
211 1480 393 1528 absurda,
414 1479 606 1531 vulgatam
622 1490 750 1518 tamen
765 1478 950 1531 praefero.
969 1478 1079 1530 Quia
1095 1476 1112 1518 ἦ
1130 1479 1241 1520 σκευὴ
1255 1479 1315 1518 lza·

52 1535 158 1581 bitus,
172 1545 372 1588 apparatus,
389 1545 432 1572 ut
447 1531 621 1586 generale
637 1532 775 1572 reffius
794 1533 1064 1585 praemittitur,
1080 1532 1169 1570 dum
1191 1532 1315 1584 qualis

54 1587 119 1628 ille
131 1586 246 1629 fuerit
258 1598 458 1640 apparatus
469 1618 480 1635 ‚
498 1586 618 1625 statim
633 1599 700 1637 per
712 1598 836 1639 partes
847 1597 1054 1625 enarratur.
1070 1585 1217 1623 RErrz.

107 1645 182 1682 ead.
196 1644 220 1683 l.
234 1641 270 1681 8.
283 1640 472 1693 Πορφυρὲι)
489 1641 589 1693 Lege
603 1638 782 1691 πορφυρᾶ.
799 1639 965 1679 GUYET.
978 1641 1151 1691 noqup&
1164 1638 1239 1679 scil.
1251 1637 1317 1679 ha·

53 1693 167 1736 bebat
183 1696 222 1735 S.
237 1694 308 1735 Sed
324 1704 416 1734 vett.
430 1693 532 1733 τεξὶε
544 1709 592 1732 oro
612 1691 722 1743 φυρᾶ.
740 1693 880 1731 Ηειη.

106 1749 186 1789 ibid.
205 1747 495 1801 Ἐμβέιλλομοιι)
523 1709 732 1798 Vusgatam
754 1747 893 1785 iterum
917 1745 1109 1797 potiorem
1139 1745 1317 1786 arbitron*

53 1800 180 1849 Vide,
198 1815 297 1855 quae
312 1802 445 1841 notavi
461 1802 507 1840 ad
521 1800 659 1839 Amor.
681 1813 764 1853 cap.
787 1814 849 1851 47,
863 1798 1051 1853 γυναῖκας
1071 1798 1316 1851 ἐξηρτημένας

19 1891 20 1894 ,
55 1855 173 1896 λίθους
195 1857 270 1897 &c.
289 1856 431 1895 Rmz.

106 1911 182 1949 ead.
195 1911 218 1949 l.
235 1924 249 1948 1
259 1924 292 1948 2.
307 1907 440 1961 Δεῦρο)
455 1905 565 1960 Quid
581 1905 656 1947 hoc
670 1904 776 1960 ἒεῦρο
789 1905 856 1946 fibi
871 1905 963 1946 velit
978 1936 990 1954 ‚
1012 1917 1130 1944 nemo
1141 1934 1154 1952 ‚
1177 1906 1292 1946 credo
1301 1917 1317 1954 ,·

55 1962 280 2017 expiscetur.
302 1962 460 2002 SOLAN.

110 2018 167 2055 Pa
193 2048 201 2056 .
218 2030 300 2069 ¹9¹·
316 2017 338 2055 l.
355 2017 413 2055 16.
426 2014 495 2056 Τὴν
507 2015 595 2065 ’ὄψιν
617 2013 742 2067 ἱκανὴ)
762 2010 1027 2052 salmurienfis
1047 2011 1115 2051 τὴν
1130 2010 1219 2062 ’ὄψιν
1235 2013 1319 2051 im·

56 2070 109 2122 μὴ
122 2030 233 2122 ,licie
244 2070 445 2124 impudenti:
458 2081 572 2121 quam
587 2068 764 2108 leffionis
782 2068 1000 2105 varietatem
1016 2066 1200 2105 miramur
1214 2078 1321 2118 prae·

55 2123 256 2165 termiffam
272 2136 294 2163 a
311 2121 590 2176 diligentissimo
611 2123 834 2172 ceteroquin
849 2120 1012 2158 Reitzio.

112 2178 203 2229 Pag.
221 2191 304 2229 192.
320 2177 343 2216 l.
357 2191 393 2228 7.
417 2176 500 2215 Εἴτε
519 2177 582 2215 καὶ
609 2176 732 2214 ἀνύω-ει
755 2189 794 2213 τι
815 2170 930 2213 ἐκείνη
956 2174 998 2223 ἐξ
1026 2168 1141 2222 ἐμοῦ,
1158 2171 1237 2211 εἴτε
1257 2172 1323 2211 καὶ

55 2230 131 2283 μὲ)
142 2230 383 2276 Βεηεόἰᾶυε,
393 2233 466 2281 five
484 2229 637 2282 aliquid,
650 2232 725 2280 five
749 2228 837 2266 nihil
851 2243 893 2265 ex
906 2243 954 2266 me
970 2225 1123 2277 faceret,
1140 2238 1182 2263 nt
1204 2237 1324 2265 voces

58 2286 182 2338 palam
196 2285 234 2324 δι
251 2294 366 2324 caute
380 2283 561 2336 sequitur,
580 2283 633 2321 ita
647 2283 732 2321 sane
752 2283 888 2320 evertit
902 2293 1055 2319 omnem
1072 2279 1238 2324 sensum,
1254 2279 1324 2330 qui

60 2337 187 2378 nullus
201 2339 240 2377 in
253 2337 309 2377 his
323 2337 386 2377 est.
404 2335 646 2381 Bafileenses‚
686 2336 720 2375 ui
730 2350 851 2388 parum
866 2349 988 2373 curans
999 2333 1061 2371 mei
1071 2334 1230 2370 iaffzzram
1246 2333 1322 2371 διε.

0 2399 1 2442 i
59 2405 160 2445 quos
173 2388 363 2432 veriffime
384 2389 571 2430 affecutos
585 2401 654 2431 cen
671 2401 720 2428 eo
735 2400 900 2427 mentem
917 2386 1095 2426 anaoris.
1113 2385 1212 2424 Nam
1228 2383 1322 2423 ἀνύω

0 2459 1 2484 1
61 2444 215 2499 prorsus
242 2446 342 2486 idem
367 2444 429 2484 hic
448 2443 522 2490 est,
543 2443 649 2495 quod
666 2442 855 2482 ἀναλίσκει)
877 2444 995 2493 perdo
1017 2440 1058 2478 &
1084 2440 1214 2477 detero
1228 2468 1240 2487 ‚
1262 2449 1324 2491 pa-

60 2511 148 2540 rum
169 2511 327 2548 curans,
336 2500 375 2551 fi
389 2513 488 2552 quam
510 2498 572 2537 mei
582 2509 712 2551 partem
731 2495 792 2535 illa
816 2496 1082 2585 imminuesi².²¹c
1100 2503 1325 2544 corrumpe-

1021 2559 1032 2583 1
1061 2559 1082 2583 2
