1764 3419
338 237 410 282 lN
442 237 655 283 IOVEM
688 223 1107 283 TRAGoEDUM.
1150 268 1153 272 Α
1252 253 1335 303 535

82 319 184 361 enim
199 319 565 374 ἅποσφοιττομένους
578 325 616 362 in
627 324 792 375 vulgatis
805 323 955 374 legitur,
965 323 1036 361 abs
1033 321 1194 362 urdissim
1202 337 1262 362 um
1274 325 1339 364 est.

85 375 243 414 SOLAN.
266 377 334 414 Kal
353 377 732 427 ἀποσφαττομένους)
755 375 931 415 Praefero
947 376 1008 415 hic
1020 377 1129 414 etiam
1144 378 1339 427 antiquam

84 427 285 468 lectionem
295 459 308 475 ,
322 430 363 468 δι
378 429 590 469 versionem
603 430 788 481 iugulatos,
806 441 904 481 quae
918 430 964 468 ad
980 429 1266 481 disputationem
1284 441 1340 468 ta-

82 481 158 520 lem
171 481 266 521 bene
280 483 483 522 convenit:
510 481 723 535 praesertim
746 495 832 522 cum
858 483 933 521 hoc
954 482 1034 534 ipso
1055 481 1184 520 libello
1205 483 1337 522 deinde

83 533 336 581 ἐπισφάττειν
350 536 463 575 etiam
485 536 705 587 metaphora
725 535 831 574 simili
843 535 1077 575 adhibeatur.
1104 535 1230 575 Credo
1247 548 1339 587 ego,

82 587 432 638 ἀποφραττομένους
455 588 527 627 esse
552 588 704 640 glossam
720 601 729 627 :
756 600 856 628 certe
872 601 987 628 nemo
1005 588 1113 628 sanus
1136 588 1261 640 potuit
1281 588 1339 638 τῷ·

83 640 438 690 ἀποφραττομένους
453 641 676 681 substituere
691 641 1075 692 ἀποσφαττομένους,
1102 641 1159 681 sed
1184 652 1330 682 contra.

84 691 209 732 GEsN.
222 694 604 747 Ἀποφροιττομένους)
615 695 701 733 Non
719 695 827 746 potui
839 695 1027 747 denegare
1039 707 1209 747 quatuor
1223 694 1339 734 Codi-

82 758 169 785 cum
185 746 451 787 collationibus
461 777 470 793 ,
484 749 577 798 quin
588 761 718 787 earum
731 747 931 787 leffionem
945 750 1148 800 reciperem
1161 779 1170 792 ,
1185 748 1337 787 Solani-

81 811 158 851 que
170 799 384 851 diligentiae
401 800 667 847 satisfacerem
692 801 733 839 δι
747 800 872 840 sensus
887 801 981 840 adeo
995 803 1127 852 planus
1139 801 1191 840 est
1207 801 1255 840 ab
1267 814 1311 841 ea
1323 830 1336 849 ‚

83 863 126 891 ut
139 864 252 892 nemo
263 854 377 892 alium
393 852 435 893 fit
448 854 735 893 defideraturus.
749 855 802 893 At
815 867 948 892 verum
965 855 1042 900 est,
1056 855 1336 905 ἀποσφάττομ.

81 906 235 957 elegans
252 906 324 946 effe
336 937 348 952 ,
373 906 401 946 fi
420 907 643 946 Latinorum
661 920 767 946 more
785 907 926 947 dietum
949 907 1131 959 intelligas
1142 922 1153 955 3
1173 908 1232 946 led
1245 908 1336 947 dum

85 959 260 1012 exempla
273 959 453 1008 desidero,
465 959 629 1000 Codices
640 961 788 1012 sequor.
806 961 843 1000 Si
861 959 944 999 satis
958 974 1092 1000 verum
1115 960 1213 1000 foret
1224 991 1234 1008 ‚
1251 961 1337 1000 ἑτι-

25 1041 27 1044 ι
83 1014 291 1062 σφάττεις,
308 1014 410 1066 quod
424 1013 556 1052 deinde
571 1015 736 1053 occurrit
748 1026 830 1067 cap.
844 1028 909 1066 43,
924 1013 1022 1053 idem
1035 1013 1108 1054 effe
1121 1044 1130 1058 ‚
1145 1015 1254 1053 etiam
1273 1015 1335 1053 hic

81 1065 281 1117 vulgatum
298 1066 506 1106 servarem:
523 1068 629 1119 quod
642 1067 669 1106 fi
685 1067 818 1106 deinde
829 1069 1076 1119 comperiam,
1095 1066 1257 1115 fatebor,
1272 1080 1332 1107 me

82 1118 196 1158 huius
210 1121 321 1159 etiam
343 1121 564 1159 mutationis
579 1121 784 1172 poenitere.
805 1121 950 1160 Rmz.

137 1174 211 1210 ead.
226 1173 249 1211 l.
268 1187 324 1212 10.
338 1173 432 1226 Τῶν)
448 1173 570 1225 Quasi
586 1173 727 1229 dixisset
741 1170 848 1222 ὑμῶν.
864 1174 1020 1213 SOLAN.

134 1227 208 1265 ead.
223 1227 246 1265 l.
265 1240 321 1265 12.
334 1226 408 1267 Τῶν
421 1227 635 1276 τιμωμένων
650 1226 707 1279 ἢν)
728 1226 810 1267 Cur
830 1227 1047 1277 τιμωμένων
1063 1226 1224 1266 dederim
1240 1257 1250 1274 ,
1274 1239 1334 1267 res

81 1277 161 1331 ipsa
174 1278 355 1331 loquitur.
369 1281 450 1320 Nec
464 1291 648 1332 repetam,
659 1293 756 1332 quae
771 1281 856 1319 alibi
869 1293 918 1320 ex
926 1280 1118 1332 Aristoph.
1138 1280 1232 1320 Plut.
1245 1281 1334 1328 dixi,

87 1328 125 1372 εἷ
134 1335 211 1386 ’γὰρ
225 1333 297 1372 τῶν
309 1333 440 1384 φίλων,
456 1334 496 1373 ἃ
508 1334 650 1372 similla.
671 1334 819 1374 REITZ.

136 1388 209 1423 ead.
223 1387 246 1425 l.
264 1388 319 1426 16.
333 1387 590 1441 Δημοσζένης)
606 1386 872 1426 Demosthenis
887 1386 1005 1427 verba
1016 1385 1182 1437 Olynth.
1193 1385 1223 1429 Ι,
1237 1399 1271 1438 p.
1282 1399 1337 1427 m.·

82 1437 108 1477 6
123 1439 167 1478 Β.
182 1438 285 1478 sunt:
304 1443 348 1477 Tb
358 1440 427 1490 μὲν
444 1441 500 1479 οὐν
513 1439 712 1490 ἐπιτιμᾷν,
732 1441 818 1480 ἴσως
830 1441 949 1491 φήσαι
970 1440 1098 1485 Tisaia,
1120 1438 1247 1490 ῥᾴὸιον
1270 1441 1334 1479 καὶ

81 1496 229 1532 παντὸς
247 1491 358 1534 εἶναι.
378 1497 422 1533 τὸ
436 1494 474 1533 θ’
493 1492 584 1545 ὑπὲρ
597 1493 671 1533 τῶν
683 1493 901 1546 παρόντωνὸ
918 1509 958 1533 τι
975 1492 1228 1546 ὃεῖπρέιττειν
1242 1493 1336 1534 ἀπο-

81 1545 299 1597 φαίνεσθαι,
317 1546 422 1587 τοῦτ’
437 1544 530 1587 εἶναι
552 1546 774 1596 συμβούλου.
797 1548 953 1586 SOLAN.

136 1600 226 1652 Pag.
244 1614 288 1651 25
302 1614 330 1639 ι.
346 1601 369 1638 l.
381 1602 418 1641 6.
433 1602 526 1640 Κατ’
543 1600 707 1650 ἐμαυτὸν
719 1600 769 1639 εἰς
782 1600 881 1653 ὅσον)
903 1599 997 1639 Illud
1011 1599 1059 1639 εἰς
1071 1598 1151 1638 ‘do-ov
1166 1599 1245 1649 ἐμοὶ
1263 1598 1333 1639 Συ-

83 1653 383 1699 varimvidetur
399 1654 657 1706 interpretatio
679 1653 751 1694 esse
771 1652 836 1693 τοῦ
849 1655 936 1693 κατ’
950 1654 1135 1704 ἐμαυτὸν,
1160 1653 1334 1705 adeoque

82 1706 276 1746 nonnullis
287 1720 359 1760 pro
373 1706 491 1760 glofl'a
503 1707 721 1747 habebitur:
743 1708 849 1759 quod
864 1718 907 1747 ut
919 1720 998 1746 non
1008 1719 1120 1759 nego,
1138 1706 1190 1744 ita
1205 1716 1333 1745 tamen

85 1760 240 1799 minime
251 1761 422 1810 elimino,
440 1760 530 1813 quia
543 1762 801 1812 interpretatio
813 1760 865 1800 est
879 1760 1095 1805 necessaria,
1108 1759 1154 1799 ab
1167 1759 1247 1811 ipso
1261 1760 1337 1799 Lu-

84 1813 196 1852 ciano
209 1812 334 1853 forsan
348 1813 515 1866 profeEta
527 1829 539 1862 3
551 1813 579 1853 s1
593 1815 680 1866 quid
694 1825 821 1854 tamen
837 1813 1087 1867 superfluum,
1102 1813 1226 1852 malim
1245 1813 1334 1852 illud

19 1868 21 1871 ⁴
85 1865 166 1916 ἐμοὶ
180 1865 315 1916 abesse,
324 1879 482 1920 tumque
496 1868 547 1907 εἰς
560 1868 641 1907 ὅσον
652 1867 814 1908 ὃννοιτον
824 1881 902 1907 non
915 1867 1237 1919 effer-idem,quod
1247 1864 1337 1906 κατ’

85 1918 260 1969 ἒμοιυτον,
276 1920 336 1960 sed
351 1920 550 1973 respiceret
564 1922 610 1959 ad
630 1920 748 1960 fatum
763 1921 970 1974 Parcasque
982 1952 994 1968 ‚
1010 1934 1170 1973 quarum
1185 1919 1336 1960 neceffi-

85 1974 152 2012 tati
167 1973 207 2012 &
219 1973 255 2013 se
268 1987 388 2026 aeque
402 1987 448 2014 ac
461 1974 595 2014 lovem
608 1973 787 2014 fateretur
799 1974 1005 2015 subieeium
1018 2004 1028 2021 ‚
1053 1973 1157 2027 quasi
1173 1974 1310 2014 diceret
1321 2000 1337 2020 ‚

18 2067 22 2070 ,
78 2029 117 2078 fi
128 2029 223 2067 modo
238 2043 297 2081 per
301 2030 419 2078 Jt'ztum
425 2029 504 2080 fieri
517 2030 632 2082 potest.
656 2028 800 2067 REITZ.

140 2083 212 2120 ead.
228 2084 251 2120 l.
271 2095 328 2120 10.
344 2081 544 2135 ’Emesam
558 2081 636 2120 Iam
653 2080 701 2121 fic
714 2081 906 2127 scribitur3
922 2081 1012 2120 alias
1029 2081 1070 2119 ἐκ
1086 2079 1222 2119 ποθῶν.
1242 2081 1336 2120 vid.

86 2133 198 2186 supra
212 2144 344 2174 notata
354 2135 399 2174 ad
411 2134 510 2174 Dial.
524 2148 595 2188 pro
610 2135 726 2186 Imag.
736 2148 769 2174 c.
778 2135 845 2174 ult.
861 2134 886 2174 f.
901 2135 1009 2174 Adde
1020 2134 1137 2186 Soph.
1148 2134 1207 2172 Ai.
1222 2147 1336 2183 1020,

86 2188 150 2228 ubi
166 2187 337 2228 ἑκποὲὼν
354 2201 511 2241 quoque
524 2199 732 2236 exaratum,
740 2189 862 2241 procul
878 2188 987 2227 valet.
1005 2189 1078 2227 Hic
1095 2200 1190 2226 vero
1203 2204 1218 2226 e
1231 2189 1335 2227 medio

86 2252 238 2280 vertere
251 2242 392 2287 malim,
403 2243 510 2282 cuius
524 2242 695 2292 exempla
709 2243 784 2282 vid.
796 2241 906 2294 supra
919 2242 942 2280 1.
954 2255 986 2281 c.
1002 2242 1105 2281 Licet
1119 2240 1248 2286 fatear,
1263 2240 1339 2280 sae-

85 2308 134 2348 pe
148 2295 236 2334 nihil
250 2294 516 2347 intereffe.Ap.
529 2295 706 2346 Xenoph.
719 2308 846 2335 autem
860 2296 895 2334 in
909 2296 988 2334 edd.
1002 2295 1140 2346 antiqq.
1155 2294 1196 2334 ἐκ
1209 2292 1337 2334 meletio

87 2348 195 2388 scribi
208 2361 319 2388 amat.
335 2350 425 2388 Vid.
436 2348 588 2401 Cyrop.
603 2349 643 2387 L.
658 2348 712 2387 ΙΙΙ
724 2349 789 2389 sub
804 2349 885 2388 init.
897 2347 921 2386 s.
938 2349 994 2388 ed.
1011 2347 1092 2387 Bas.
1109 2361 1122 2385 1
1135 2361 1150 2398 5
1163 2360 1177 2397 5
1188 2361 1203 2398 5
1216 2376 1226 2393 ,
1250 2360 1336 2399 pag.

88 2417 136 2454 43
152 2431 165 2447 ,
189 2400 397 2451 βουλόμενοι
417 2404 471 2442 τὰ
482 2402 574 2440 ’ὄντα
588 2403 627 2439 ἐκ
642 2401 767 2442 ποθῶν
779 2402 984 2442 ποιεῖσθαι.
1003 2401 1127 2452 Quod
1142 2400 1240 2439 &ibi
1254 2413 1338 2439 ver-

87 2457 180 2494 titur
194 2458 317 2508 procul
331 2469 474 2508 portare.
493 2454 563 2493 Sed
577 2456 616 2495 &
632 2456 682 2496 ibi
696 2457 830 2498 eodem
845 2456 991 2504 redibit,
1016 2465 1144 2494 utrum
1163 2470 1178 2493 e
1191 2454 1310 2502 medio,
1322 2469 1340 2493 e

89 2509 277 2564 conspeblu,
290 2521 429 2551 vertas.
443 2509 591 2551 Rarrz.
988 2560 1044 2601 LI
