1764 3419
426 226 521 285 484
632 222 1495 274 ANNOTATloNEs

412 324 506 350 -non
523 318 696 364 repugno
711 326 721 359 ;
735 323 803 351 nec
821 321 946 350 tamen
960 308 1086 350 facio:
1101 322 1188 349 nam
1209 311 1250 351 δι
1264 309 1370 362 saepe
1383 310 1433 350 fic
1447 310 1609 364 positum
1623 312 1683 353 ins

412 366 567 411 .venio,
583 366 645 404 ubi
661 364 747 404 usus
760 367 837 418 γὰρ
851 363 1166 415 postularet.Vid.
1187 362 1297 415 supra
1317 375 1450 403 notata
1473 365 1519 404 ad
1539 367 1681 407 Amor.

428 432 460 458 c.
479 419 537 470 38.
552 412 659 457 Adde
674 431 762 457 mox
780 431 812 457 c.
830 430 888 468 37,
905 416 920 455 ὁ
935 416 978 456 sk
992 413 1157 456 αὐλητὴς
1169 438 1213 446 -
1229 416 1261 455 οἱ
1274 416 1317 456 δὲ
1333 418 1407 457 &c.
1425 418 1471 457 Et
1485 418 1581 472 supr.
1599 432 1642 459 ca
1670 447 1683 460 .

434 486 480 519 17
501 471 525 511 f.
546 474 598 510 τὺ,
612 472 654 510 ἑὲ
670 494 712 500 -
727 473 775 510 τὰ
793 470 850 509 52².
863 470 964 508 Nihil
980 481 1171 521 praeterea
1185 470 1282 509 novi
1301 470 1372 518 est,
1387 471 1444 510 bis
1457 471 1502 511 δὲ
1519 471 1602 523 post
1612 487 1681 522 μεν

428 525 555 578 sequi,
571 538 613 564 ut
631 526 702 563 iam
723 524 833 570 alibi,
847 524 882 562 ni
898 522 1020 566 fallor,
1035 523 1179 562 ostendi
1191 536 1237 562 ex
1254 524 1373 576 Long.
1392 523 1485 563 Past.
1503 525 1557 569 11,
1568 539 1604 578 p.
1618 525 1681 574 48.

431 579 539 619 Adde
551 578 660 617 eund.
676 577 743 622 111,
755 591 816 629 93.
835 576 879 615 Et
892 575 1134 629 Alciphr.11,
1147 590 1182 628 p.
1197 590 1270 615 202
1285 577 1323 616 δι
1337 578 1408 628 seq.
1423 578 1486 616 ubi
1498 579 1560 618 vel
1573 579 1685 631 quin-

430 633 538 683 quies
551 631 594 670 ‹5‘2
619 630 729 668 habes
753 629 835 682 post
851 642 970 668 unum
992 632 1072 678 μέν.
1089 630 1155 668 Ait
1171 629 1293 669 enim:
1313 629 1430 679 Ἠμίις
1454 630 1522 670 θεῖ
1535 635 1589 670 ‘rit
1611 632 1680 682 μὲν

430 684 564 729 ποιεῖν,
576 686 630 722 τὰ,
643 683 686 722 δὲ
697 683 998 732 μαλακίζεσῧαι·
1012 684 1065 721 τὰ
1075 682 1118 721 δὲ
1131 682 1398 722 ὃειπνοποιεῖν·
1408 686 1462 722 τὰ
1474 683 1518 723 ἑὲ
1531 684 1683 734 κοσμεῖν

430 738 486 776 σοι
502 739 564 776 τὶν
579 732 685 775 οἶκον·
706 738 781 774 τὰς
803 735 826 774 ὅ
832 735 867 780 ὲ,
893 735 1049 774 ὃποσοῖιν
1066 737 1189 775 άλλως
1204 736 1317 789 ταχὺ
1337 738 1621 787 μαραινομένας.
1638 758 1684 768 --

431 789 564 829 Ταῦτα
580 789 624 829 δὲ
637 790 709 828 ὅτε.
727 789 804 828 Ubi
818 800 946 829 tamen
959 789 1049 828 loco
1061 789 1272 840 penultimo
1285 789 1506 829 eiiciendum
1520 789 1606 839 effe,
1622 791 1686 830 be·

430 857 479 884 ne
494 844 643 882 monuit
657 842 820 895 Bergler.
839 841 948 894 Quin
965 841 1026 881 vel
1043 841 1161 881 sexies
1174 843 1329 881 eandem
1345 844 1589 894 particulam,
1601 857 1684 884 uno

414 896 653 947 *interposxto
667 896 748 945 μὲν,
764 896 966 934 adhibitam
980 895 1138 947 legimus
1158 896 1195 934 in
1211 895 1433 945 Aristotele,
1449 895 1590 936 1P01it.
1608 911 1640 938 c.
1659 912 1678 950 3

433 948 743 997 med.”Ea⁷c00-av‚
758 950 830 995 ait,
846 948 882 988 θ’
894 943 1010 988 αὗται
1024 947 1136 1000 τρεῖς,
1150 947 1197 988 ἃς
1220 949 1385 998 εἴπομεν.
1397 949 1496 989 Ἐστι
1508 950 1554 990 se‘
1566 965 1605 990 τι
1617 954 1687 1002 μέ-

432 1019 502 1057 ρος,
516 1003 533 1041 ὃ
549 1003 660 1042 δοκεῖ
678 1003 755 1042 τοῖς
776 1002 842 1052 μὲν
867 998 959 1042 εἶναι
985 1002 1169 1051 οἰκονομία
1181 1031 1192 1050 ,
1215 1001 1294 1041 τοῖς
1310 1001 1355 1041 st
1373 1003 1562 1056 μέγιστον
1577 1005 1686 1056 μέρος

433 1053 560 1096 αὗτιῖς.
586 1056 686 1096 ’ὅπως
703 1056 740 1095 cs'
756 1056 840 1109 ἔχει
856 1086 867 1101 ,
886 1055 1094 1108 ῧεωρητέον·
1117 1057 1219 1109 λέγω
1238 1055 1282 1094 δὲ
1303 1056 1386 1107 περὶ
1407 1055 1476 1096 τῆς
1497 1059 1687 1108 καλουμέ-

434 1126 494 1151 νης
509 1111 829 1163 χρηματιστικῆς.
848 1109 992 1162 Πρᾶτον
1015 1108 1059 1148 δὲ
1077 1108 1160 1161 περὶ
1180 1108 1372 1149 ἓεσπότου
1393 1109 1458 1149 καὶ
1475 1109 1610 1150 δούλου
1635 1111 1687 1151 εἴ·

432 1178 574 1214 πωμεν.
591 1163 732 1207 REITz.

486 1221 561 1257 ead,
577 1219 599 1256 l.
614 1232 650 1266 7.
665 1215 950 1269 Ἀναπεσόντες)
963 1215 1005 1255 In
1020 1215 1088 1255 Ev.
1105 1216 1228 1255 Marc.
1242 1214 1299 1256 VI
1309 1245 1322 1264 ‚
1337 1215 1384 1269 36
1395 1246 1407 1264 ‚
1424 1215 1489 1256 καὶ
1505 1216 1687 1258 ἀνέπεσον

433 1272 593 1324 πρασιαὶ
609 1272 770 1323 πρασιαὶ
783 1272 904 1323 legas,
922 1271 967 1310 de
983 1269 1299 1309 discumbentibus
1313 1270 1348 1308 in
1366 1270 1547 1322 gramine.
1565 1271 1626 1311 Ad
1641 1284 1687 1311 ea

432 1326 553 1365 verba
574 1326 602 1364 1.
619 1324 714 1364 Elsn.
738 1326 809 1364 ait:
830 1324 1090 1371 Ἀναπίπτειν,
1103 1337 1168 1375 pro
1190 1323 1412 1363 accumbere
1422 1323 1497 1365 cibi
1518 1325 1689 1378 capiendi

433 1379 542 1419 causa
555 1410 566 1426 ,
586 1394 696 1418 rarum
710 1381 763 1432 est.
787 1380 901 1417 Habet
918 1390 1030 1417 tamen
1047 1392 1090 1415 ex
1104 1377 1280 1430 Euripicfis
1295 1377 1438 1429 Cyclope
1452 1378 1486 1416 δ’
1504 1378 1613 1418 Alexi
1627 1379 1687 1417 Α·

434 1435 595 1471 menaeus
615 1433 636 1471 I
644 1463 656 1479 ,
673 1447 709 1480 ¹9
720 1463 730 1478 ‚
743 1447 779 1484 p.
793 1447 814 1470 2
817 1447 852 1481 3.
869 1432 951 1471 Item
963 1431 1103 1470 Lucian.
1118 1432 1225 1482 Afino
1243 1430 1305 1483 (h.
1321 1429 1363 1483 l.)
1381 1431 1528 1485 Scriptor
1542 1433 1617 1472 item
1630 1433 1689 1472 A·

429 1487 628 1539 pocryphus
646 1487 773 1525 Tobiae
785 1486 841 1532 ll,
862 1500 888 1531 ι,
904 1485 1075 1524 ἀνέπεσα
1087 1483 1153 1523 τοῦ
1168 1484 1324 1537 φαγεῖν.
1341 1485 1455 1523 Iudith
1467 1485 1572 1532 XII,
1583 1492 1636 1535 16,
1650 1486 1686 1524 6³

433 1541 469 1579 in
483 1541 534 1577 lzis
547 1540 639 1578 libris
651 1553 699 1589 pa
725 1555 781 1578 zm.
796 1539 903 1578 Hae'c
918 1538 1000 1585 ille·,
1017 1538 1082 1577 cui
1097 1538 1211 1577 addo:
1229 1538 1325 1577 male
1337 1550 1431 1589 ergo
1443 1537 1689 1590 Phrynichus

434 1607 470 1646 p.
487 1606 536 1644 92
550 1594 583 1632 id
600 1593 674 1632 hoc
701 1591 793 1632 ensu
808 1592 980 1640 damnat,
1001 1590 1184 1631 scribens:
1198 1592 1413 1633 Ἀναπεσεῖν
1428 1587 1466 1630 οὗ
1479 1591 1607 1633 καλῶς
1623 1593 1688 1632 ἐπὶ

431 1647 499 1687 τοῦ
512 1645 748 1687 ἀνακλιθῆναι
761 1645 1117 1685 τάττεταιΝετυω
1131 1644 1183 1684 est
1192 1674 1203 1693 ,
1214 1657 1284 1698 pro
1297 1644 1482 1695 ἀθυμῆσαι
1494 1645 1575 1685 aliis
1587 1645 1691 1686 usur-

433 1702 538 1754 pari,
554 1712 597 1740 ut
611 1700 687 1739 vid.
697 1699 880 1751 Thucyd.
896 1699 935 1747 Ι,
949 1710 983 1738 c.
1005 1711 1078 1748 70,
1099 1698 1162 1737 καὶ
1184 1699 1365 1748 νικώμενοι
1386 1699 1450 1738 ἐπ’
1470 1698 1689 1752 ἐλάχιστον

433 1755 738 1801 ἀναπίπτουσιν,
751 1753 785 1792 6¹
803 1753 880 1792 νὶἑῖἱ
891 1767 990 1805 quam
1004 1752 1134 1791 minime
1146 1752 1258 1792 animo
1272 1754 1528 1805 consternantur.
1539 1752 1689 1793 Confer

430 1808 483 1846 ibi
500 1807 706 1847 Waffium.
723 1808 769 1847 Et
783 1806 926 1846 Philon.
947 1805 1016 1846 L.1
1033 1806 1078 1846 de
1100 1805 1209 1846 Mose
1221 1835 1230 1853 ,
1245 1818 1358 1858 quem
1374 1807 1418 1846 ad
1435 1817 1559 1859 partes
1570 1816 1692 1847 vocat

431 1860 633 1902 Hoeschel.
649 1861 716 1913 qui
728 1872 855 1900 tamen
872 1859 970 1899 idem
987 1872 1059 1911 pro
1078 1859 1272 1910 difiambere
1286 1860 1398 1903 etiam
1420 1858 1530 1899 affert
1548 1872 1597 1900 ex
1612 1860 1686 1901 Ev.

434 1915 528 1955 Luc.
549 1928 608 1965 17,
626 1929 673 1954 22
688 1946 698 1962 ‚
714 1915 819 1954 Ioan.
839 1914 885 1962 6,
902 1915 941 1954 δι
962 1912 1095 1965 Synes.
1116 1913 1182 1965 Ep.
1208 1926 1290 1962 114.
1315 1912 1474 1953 Cautius
1487 1913 1560 1954 Th.
1579 1914 1686 1967 Mag.

431 1968 648 2009 Ἀναπεσεῖν
674 1968 816 2013 βέλτιον
839 1965 989 2007 {vt-{¹105
1012 1966 1246 2016 ἀδημονῆσαι
1272 1967 1335 2006 καὶ
1357 1965 1600 2017 ἀθυμῆσαι,ἢ
1621 1967 1688 2008 ἐπὶ

429 2022 498 2062 τοῦ
517 2021 766 2063 ἀνακλιθῆναι.
782 2021 843 2061 Sic
857 2021 958 2061 enim
979 2020 1210 2074 postremum
1227 2020 1387 2060 verbum
1409 2019 1614 2061 necessario
1633 2020 1691 2066 leq

432 2076 596 2129 gendum
608 2106 620 2124 ,
635 2088 713 2115 non
730 2073 998 2120 ἀνακληθῆναι,
1017 2085 1060 2113 ut
1072 2073 1123 2114 est
1138 2074 1176 2112 in
1190 2073 1246 2115 ed.
1259 2073 1467 2114 Blancardi.
1479 2074 1625 2117 Rtrrz.

488 2129 577 2182 Pag.
599 2128 681 2179 158.
696 2129 717 2167 l.
736 2141 770 2180 5.
787 2127 1036 2179 Λαμβέινεταί
1053 2126 1154 2180 μου)
1169 2128 1254 2180 Ego
1275 2126 1477 2168 leffionem
1497 2126 1691 2168 Florentia

432 2192 504 2222 nae
517 2182 714 2222 meliorem
734 2182 916 2228 arbitror,
938 2194 1036 2234 quae
1054 2195 1105 2231 με
1118 2211 1129 2228 ,
1148 2193 1228 2221 non
1243 2194 1315 2231 μου
1328 2211 1341 2228 ,
1361 2181 1420 2220 hic
1436 2181 1561 2221 habet.
1583 2182 1690 2223 Licet

429 2236 532 2276 enim
549 2235 761 2287 λαμβάνειν
777 2235 931 2290 γούνων,
948 2234 1091 2282 ποθῶν,
1107 2235 1265 2285 κεράτων
1277 2264 1291 2281 ,
1309 2235 1349 2276 δι
1373 2233 1504 2276 sunilia
1523 2234 1595 2275 smt
1619 2237 1689 2276 ob-

432 2290 515 2337 via;
530 2301 572 2329 ut
588 2289 687 2329 reRe
710 2302 801 2329 mox
818 2302 850 2329 c.
871 2288 946 2342 seq.
969 2287 1233 2338 λαμβάνονταί
1245 2302 1330 2338 μου·
1352 2298 1481 2328 tamen
1508 2288 1544 2328 id
1563 2289 1688 2330 minus

431 2344 623 2396 eleganter
644 2343 795 2382 videtur
820 2342 1052 2396 procedere,
1073 2342 1252 2395 sequente
1275 2341 1575 2395 praepofitione:
1600 2355 1690 2383 nam

431 2408 475 2437 ut
495 2396 602 2436 λύκον
620 2396 693 2436 τῶν
711 2396 810 2436 ὤτων
834 2396 958 2450 κρατῶ
978 2395 1098 2448 vulgo
1120 2395 1270 2443 dicitur,
1295 2394 1495 2448 minusque
1513 2408 1690 2437 commo-

422 2451 486 2497 de,
500 2451 551 2489 ibi
569 2450 732 2497 diceres,
747 2450 861 2489 λύκου
874 2449 949 2490 τῶν
971 2448 1096 2497 ὤτων,
1111 2450 1161 2488 ita
1180 2448 1387 2496 difficilius,
1407 2448 1523 2488 λύκου
1547 2448 1590 2489 ἐκ
1613 2449 1690 2490 σῦν

427 2504 504 2547 &c.
521 2504 578 2546 At
592 2517 682 2546 cum
696 2504 902 2558 λαμβάνειν
917 2505 1031 2553 τινος,
1045 2503 1086 2544 δι
1099 2502 1307 2556 λαμβάνειν
1323 2499 1440 2555 nepas,
1455 2503 1548 2544 item
1561 2501 1604 2544 ἐκ
1621 2501 1693 2548 τῆς
