1764 3419
271 244 338 291 IN
370 243 614 292 LUCIUM
645 205 791 291 SIVE*
815 237 1073 291 ASINUM.
1103 275 1106 279 -
1204 248 1302 311 467

42 329 82 370 8ι
95 329 143 370 ibi
156 329 308 383 legitur,
321 343 442 383 aeque
456 342 500 371 ac
521 330 558 368 in
572 329 671 368 aliis:
687 329 722 368 id
735 329 917 382 punQum
931 330 1076 371 sensum
1091 333 1226 372 turbat.
1240 336 1299 376 Ac

44 384 221 436 pristinus
246 386 428 436 interpres
448 384 541 422 haec
561 395 640 422 non
661 385 812 436 capiens
834 384 982 433 omisit,
997 384 1038 424 δι
1059 384 1300 438 sequentium

42 438 215 477 ordinem
229 439 392 476 invertit.
407 438 549 476 Rtth.
1220 452 1221 456 ¹

97 493 168 528 ead.
183 492 206 529 l.
223 504 280 530 10.
297 491 352 530 Ἐς
373 493 428 530 τὰ
442 490 632 542 Ὕπατα)
648 489 792 528 Siccine
811 489 932 529 solent
953 490 1118 531 Graeci?
1144 492 1303 534 SOLAN.

45 544 109 583 An
121 544 285 583 Solanus
299 546 390 583 haec
403 543 480 582 falsi
493 544 637 595 arguit,
651 545 753 595 quod
769 544 805 582 ἐς
822 557 892 596 pro
909 543 943 583 ἐν
966 544 1126 597 positum
1141 545 1210 586 sit?
1226 548 1302 587 Vix

43 598 168 636 credo.
193 598 318 636 Aliam
341 598 584 637 dubitationis
605 597 688 635 eius
709 596 855 636 causam
880 609 1007 636 tamen
1030 600 1202 638 invenire
1224 613 1303 641 non

44 649 203 702 poffum.
217 651 398 703 Cumque
420 663 503 689 mea
523 649 657 702 sponte
671 650 843 702 exempla
859 663 936 689 non
959 652 1170 691 addidissem
1184 683 1197 699 ,
1212 656 1305 705 quia

40 704 155 742 'nimis
171 704 206 742 id
222 716 356 744 notum
384 705 447 743 vel
467 703 709 742 mediocriter
733 704 886 743 versatis
910 705 1092 753 arbitror3
1113 718 1238 746 tamen
1255 721 1306 748 ne

45 757 254 810 nihiiegiffe
264 759 408 803 videar,
421 770 540 809 pauca
552 758 739 808 quaedam
752 770 799 796 ex
814 757 1110 810 immensa,quae
1125 760 1304 811 suppetit,

45 811 158 862 copia
184 810 420 863 subiungam.
437 810 636 850 Demosth.
662 822 698 861 p.
723 811 790 849 ult.
816 811 859 849 A.
878 812 942 850 ubi
960 810 991 849 οἱ
1013 813 1063 850 εἰς
1086 812 1195 853 ‘i’bsoi
1221 813 1305 854 sunt

46 864 187 904 Rhodii.
204 864 367 903 Eustath.
382 866 417 903 in
432 864 612 916 proverb.
628 864 734 915 quod
748 865 792 902 ad
806 864 890 902 Pisc.
908 876 991 915 cap.
1013 879 1062 903 20
1076 866 1235 913 adduxi,
1249 870 1305 906 Τὼ

47 917 114 968 μὲν
128 917 224 971 χεῖῤ’
237 918 271 957 ἐν
294 919 482 965 Αἰτωλοῖς,
495 916 511 955 ὁ
523 916 567 956 ἐξ
583 916 662 956 νοῦς
678 917 715 955 ἐς
736 916 940 956 Κλοπῶὦν.
958 918 1003 956 Et
1019 931 1066 957 ne
1081 921 1197 964 dicas,
1214 922 1305 961 illud

48 972 88 1010 ἐς
101 972 151 1010 ibi
170 970 399 1024 fignfficme,
419 975 484 1015 ad,
498 971 625 1021 versizs,
641 983 727 1009 ecce
740 971 838 1009 aliud
855 971 969 1010 simile
982 984 1028 1010 ex
1047 973 1133 1011 Ach
1160 974 1247 1013 Tat.
1264 975 1307 1021 Ι,

51 1038 89 1072 -1,
105 1022 152 1063 ὦς
164 1025 367 1076 χειμάζειν
381 1025 416 1064 ἐν
432 1022 571 1073 ταύτῃ,
586 1024 734 1075 &spigant
750 1024 794 1063 δὲ
808 1046 850 1053 -
865 1024 915 1063 εἰς
930 1028 973 1063 τὸ
990 1027 1225 1076 πρωιὸλπιον.
1240 1029 1308 1067 ΑΙ·

49 1080 166 1130 ciphr.
188 1079 265 1124 111,
280 1078 345 1130 Ep.
360 1092 406 1130 43
424 1091 478 1130 pr.
493 1079 714 1127 λουσάμενοι
729 1078 780 1116 εἰς
794 1081 837 1116 τὸ
849 1077 1060 1121 βαλανεῖον.
1078 1079 1197 1131 Long.
1212 1081 1308 1122 Past.

49 1131 129 1178 111,
143 1145 226 1185 pag.
247 1145 332 1184 103,
349 1131 396 1171 ἃς
413 1132 543 1182 ὤμοσόι
556 1145 654 1169 ποτε
668 1131 719 1168 εἰς
733 1130 842 1169 έκεῖνο
857 1131 915 1183 (τὸ
931 1134 1094 1184 anper),
1107 1148 1192 1184 quas
1206 1150 1308 1175 nvm-

47 1186 140 1238 phas
152 1185 335 1239 aliquando
348 1185 508 1224 adt'uravi
529 1185 564 1223 in
587 1185 645 1222 illo
660 1196 768 1223 antro.
790 1185 907 1236 idque
931 1185 1156 1225 manifestius
1178 1176 1248 1239 pro
1269 1188 1307 1228 ἐν

51 1238 215 1291 positum
226 1269 236 1287 ‚
252 1252 367 1291 quam
391 1239 451 1278 illa
470 1237 631 1278 eiusdem
646 1268 657 1285 ,
677 1250 775 1290 quae
789 1238 936 1277 adducit
951 1238 1109 1277 Mollius
1124 1254 1159 1292 p.
1173 1241 1222 1279 62
1237 1272 1249 1287 ‚
1269 1243 1308 1280 ἐς

49 1292 213 1332 δόνακας
241 1292 473 1343 κρύπτεται,
499 1292 535 1331 ἐς
555 1288 635 1330 ἕλος
660 1291 902 1341 ἀφανίζεται.
925 1291 998 1330 Sed
1022 1292 1201 1332 addamus
1222 1295 1306 1333 alia.

49 1345 232 1399 Sophocl.
249 1346 310 1384 Ai.
328 1345 413 1398 flag.
428 1346 499 1391 80,
511 1345 564 1384 εἰς
585 1343 721 1395 samue
737 1346 872 1394 μένειν.
893 1344 1030 1384 Noster
1043 1359 1135 1385 mox
1149 1360 1230 1399 cap.
1248 1362 1308 1396 17,

51 1399 292 1448 κατωλύομεν
309 1399 361 1438 εἰς
372 1401 462 1439 τινὰ
476 1399 648 1438 ἔπαυλιν.
667 1398 811 1450 Evang.
830 1399 964 1438 Matth.
981 1398 1034 1445 ΙΙ,
1051 1414 1116 1452 23,
1135 1401 1309 1450 κατῴκη-

51 1468 116 1493 σεν
130 1453 180 1493 εἰς
199 1454 323 1499 πόλιν,
337 1454 513 1491 habitabat
529 1454 564 1490 in
580 1454 666 1490 urbe.
681 1451 869 1504 Quinque
889 1451 1017 1491 similia
1033 1455 1108 1492 vid.
1124 1467 1182 1507 ap.
1197 1454 1310 1495 Gun-

53 1509 148 1547 ther.
166 1507 203 1545 in
228 1507 347 1547 Latin.
366 1505 466 1546 Rest.
481 1506 529 1545 T.
545 1521 590 1553 2,
613 1518 697 1558 pag.
711 1506 800 1558 496.
822 1505 892 1544 Sed
908 1517 950 1545 ut
972 1506 1078 1545 ἐλθὼν
1104 1510 1310 1559 praemittit

51 1561 290 1613 Evangelista
307 1561 330 1598 1.
345 1573 376 1600 c.
390 1571 431 1600 ut
445 1560 497 1598 ibi
511 1559 567 1606 sit,
581 1560 767 1597 habitatum
784 1560 860 1605 ivit,
872 1571 998 1598 tamen
1013 1560 1100 1599 alibi
1114 1574 1190 1600 non
1206 1576 1311 1613 prae·

53 1615 218 1655 mittitur
238 1615 276 1653 in
289 1614 338 1653 N.
349 1614 397 1654 T.
416 1626 486 1653 nec
506 1614 542 1652 in
559 1612 754 1659 Ae1.V11,
769 1612 792 1651 8
804 1614 912 1661 ,Ὅτι
929 1612 1155 1663 Ἡφαιστίων
1169 1615 1220 1654 εἰς
1231 1617 1311 1655 ’En-

53 1670 207 1715 βέιτιινω
229 1666 404 1707 ἀπέθανε.
419 1667 496 1707 Ubi
514 1665 650 1706 Scheff.
670 1679 827 1718 quoque
846 1665 979 1706 frustra
1001 1666 1110 1706 ἐλθὼν
1134 1669 1313 1709 excidiss'e'

53 1733 184 1776 putat3
204 1722 279 1761 vid.
297 1721 427 1760 Kuhn.
443 1721 483 1760 &
496 1721 579 1759 Ael.
591 1720 763 1772 pluribus
773 1721 877 1759 locis.
890 1721 951 1760 Sic
965 1722 1015 1759 εἰς
1028 1725 1072 1759 τὸ
1088 1725 1204 1774 ’παρὶν
1217 1724 1257 1762 δι
1272 1723 1310 1763 ἐν

54 1776 111 1826 τῷ
125 1776 304 1828 παρόντι,
322 1775 397 1815 vid.
421 1775 515 1814 Bud.
539 1774 693 1814 Comm.
713 1787 796 1827 pag.
815 1786 898 1826 553.
924 1774 982 1813 Ne
1009 1774 1138 1826 plura,
1153 1790 1251 1828 quae
1273 1778 1311 1816 in

53 1840 210 1885 promtu
225 1827 377 1874 forent,
394 1829 641 1868 accumulem.
658 1827 714 1866 lta
728 1827 764 1867 ἐν
788 1826 942 1866 viciffim
960 1841 1029 1878 pro
1050 1828 1101 1867 εἰς
1119 1830 1312 1879 permultis

0 1903 13 1916 ν
28 1898 32 1903 ’
55 1882 287 1925 demonstrat
300 1883 493 1921 Maittaire
507 1883 551 1922 de
565 1882 663 1921 Dial.
682 1894 766 1934 pag.
780 1880 831 1920 80
843 1912 855 1929 ,
871 1882 935 1920 ubi
952 1883 991 1920 δι
1003 1882 1072 1920 alia
1085 1882 1231 1922 rursum
1249 1885 1314 1922 ha-

57 1940 145 1986 bet»,
160 1938 195 1976 in
210 1936 350 1989 quibus
365 1936 418 1976 εἰς
430 1949 500 1989 pro
513 1936 548 1974 ἑν
563 1935 739 1987 positum.
756 1935 812 1974 Ita
825 1936 936 1974 etiam
952 1937 1037 1974 ει’σω
1052 1936 1236 1987 ρτοένὲον
1249 1937 1313 1977 Al-

55 1993 173 2046 ciphr.
188 1990 224 2038 1,
235 2005 271 2043 p.
291 1989 335 2028 18
348 2019 360 2036 ,
376 1990 440 2029 ubi
454 1990 530 2028 vid.
543 2001 624 2028 not.
636 1988 813 2041 Bergleri.
828 1988 973 2027 ΚΕΗ-Ζ.

110 2043 453 2096 ἰύἱᾶ.«1“ρέιμμοιτιι)
477 2043 571 2082 Non
589 2043 707 2082 modo
729 2043 782 2082 ob
801 2042 922 2082 Codd.
943 2042 994 2080 sic
1016 2041 1119 2088 dedi,
1141 2041 1199 2082 sed
1224 2044 1312 2097 quia

54 2100 174 2155 paulo
188 2097 271 2150 post
284 2098 340 2136 bis
356 2109 464 2136 terve
478 2096 528 2136 sic
541 2097 642 2150 legas
656 2095 732 2135 sme
747 2097 940 2135 varietate.
955 2096 1102 2134 REITz.

113 2155 186 2192 ead.
197 2152 221 2190 l.
236 2165 250 2190 1
261 2149 472 2203 213552‘1‘021)
488 2151 682 2190 Immerito
696 2150 810 2202 igitur
830 2150 868 2189 δι
883 2149 959 2188 hoc
975 2148 1087 2201 supra
1104 2148 1141 2188 in
1154 2150 1264 2190 Alex.
1279 2165 1312 2191 c.

64 2219 108 2259 55
125 2205 278 2259 negavit
292 2203 418 2243 Solan.
434 2205 584 2246 Graece
597 2204 696 2244 recte
709 2205 780 2243 dici
790 2233 803 2250 ,
816 2216 886 2256 pro
897 2202 988 2255 noffe
999 2205 1153 2256 aliquem.
1166 2203 1314 2244 Confer

60 2261 111 2301 ibi
127 2269 273 2300 notata.
289 2258 436 2298 Rttrz.

116 2312 410 2366 ibid.‘'07rn)Sic
433 2310 503 2352 Ms.
523 2311 620 2364 Reg.
635 2324 749 2364 3011.
771 2311 926 2362 meiius,
942 2323 1055 2363 quam
1074 2311 1181 2363 quod
1199 2310 1251 2350 est
1274 2312 1315 2351 in·

29 2398 31 2402 »
57 2367 219 2420 impreff.
231 2365 325 2407 ὅποι.

112 2423 213 2461 ead.l.
222 2433 279 2473 13.
292 2420 360 2460 Καὶ
372 2420 430 2460 ’ὁτι
442 2417 741 2473 &mulctant-imm
753 2417 859 2472 ἔχοι)
869 2417 951 2457 Cur
963 2416 1063 2470 ἔχοι,
1072 2417 1110 2456 &
1120 2431 1197 2457 non
1209 2416 1316 2468 ἔχει,

0 2476 4 2487 '
63 2486 106 2515 ut
119 2476 266 2528 τρέφει,
278 2475 385 2527 quod
404 2473 582 2526 sequitur.
598 2472 690 2511 Non
710 2471 932 2512 monuissem
945 2502 956 2519 ,
971 2471 1036 2510 nisi
1060 2484 1193 2510 omnes
1211 2472 1317 2512 editt.

36 2531 38 2533 ’
61 2530 175 2569 etiam
200 2529 253 2569 Fl.
272 2527 535 2569 consentirem
546 2527 621 2566 hoc
636 2527 734 2567 vitio
746 2524 1132 2566 tolerandovidiffem.
1144 2523 1317 2565 GRAtv.

951 2577 1076 2631 ng
