1764 3419
438 222 532 284 468
629 219 1503 268 ANNoTATloNES

488 313 568 351 ¹ead.
591 312 613 351 l.
633 326 691 360 ¹4·
705 310 864 362 Τρέφοι)
887 309 996 361 Quia
1018 310 1056 346 in
1081 308 1259 360 proxime
1281 308 1482 361 praemisso
1504 307 1588 362 ἔχοι
1609 309 1702 350 nihi'.

441 366 636 405 varietatis
653 366 807 410 inveni,
822 365 858 402 in
884 365 1004 402 altero
1019 373 1168 408 autem,
1189 361 1286 400 Cod.
1304 362 1343 401 L.
1365 363 1582 414 optativum
1604 377 1704 416 quo·

439 432 516 471 que
536 418 719 471 praeferar
733 449 743 465 ‚
757 428 799 457 ut
815 427 1020 468 utrumque
1034 414 1100 453 fibi
1123 414 1239 454 simile
1259 413 1347 454 effer
1363 417 1520 463 curavi3
1536 429 1623 455 nam
1642 417 1702 457 ὀτι

439 471 527 526 ἔχοι
545 473 605 511 καὶ
618 473 759 524 τρέφει,
774 471 879 522 quod
897 470 933 508 in
949 468 1091 507 omnib.
1104 468 1185 507 edd.
1204 478 1299 513 erat,
1316 482 1392 507 non
1409 468 1463 508 fas
1478 469 1549 507 fuit
1565 470 1702 508 retine-

439 539 502 565 re:
523 526 681 577 dedique
699 525 774 563 hoc
794 523 923 562 Solani
945 522 1178 573 diligentiae,
1197 522 1264 573 qui
1284 520 1468 561 Codicem
1491 522 1603 561 habet
1629 521 1703 561 suf-

439 578 673 630 fragantem,
705 577 848 628 alioqui
875 576 1023 614 mallem
1050 586 1138 613 cum
1166 573 1339 614 Graevio
1363 575 1447 628 ἔχει
1472 575 1534 613 καὶ
1553 578 1704 628 τρέφει,
1763 623 1764 626 ¹

439 633 529 682 quia
555 631 594 668 δε
616 628 710 668 οἰκεῖ
727 629 935 681 praecedit,
960 627 1027 667 etsi
1048 627 1274 667 coniunffio
1294 640 1372 666 non
1399 635 1544 680 temper
1567 629 1704 669 similes
1763 646 1764 654 ¹

437 685 580 725 modos
595 684 754 728 habeat,
776 682 841 721 ubi
870 681 1048 720 aliorsum
1070 680 1231 720 defleuit
1257 682 1402 720 oratio:
1427 682 1590 733 ideoque
1615 681 1711 721 οἰκεῖ
1762 695 1764 715 1

442 750 530 776 cum
548 736 615 775 suo
628 736 709 775 ὅποι
721 765 735 781 ,
749 735 926 788 sequente
940 735 998 774 ὅτι
1015 746 1104 773 cum
1119 734 1315 786 optativo,
1329 735 1568 774 tolerabilius
1589 735 1704 782 duco,

443 802 563 842 quam
580 789 607 828 fi
625 789 759 828 eodem
774 788 908 842 spiritu
921 787 979 826 ὅτι
993 787 1077 840 ἔχοι
1092 786 1154 826 καὶ
1171 787 1299 839 τρέφει
1317 789 1547 827 enuntietur.
1562 786 1705 828 RmTz.

440 844 567 883 Unius
587 842 743 883 Codicis
763 843 806 881 L.
825 841 1029 880 auc-:toritas
1045 853 1125 880 non
1141 850 1291 879 tantum
1310 842 1408 893 apud
1431 854 1505 880 nos
1519 842 1619 880 valet
1634 871 1646 887 ‚
1662 853 1705 894 ut

443 896 686 936 assentiamur
701 896 854 935 Reitzio
875 895 1001 946 τρέφει
1023 896 1060 932 in
1075 894 1202 946 τρέφοι
1220 896 1486 946 mutanti,qui
1507 895 1705 947 optativus

441 951 591 990 nullum
607 950 665 988 liic
675 949 802 988 locum
818 949 957 987 habere
970 946 1090 999 potest
1101 947 1347 999 praecedente
1355 948 1428 994 ὅτι,
1438 959 1478 987 ut
1489 948 1609 1000 probe
1623 961 1706 988 mo-

441 1004 526 1043 nuit
548 1003 594 1043 cl.
616 1003 660 1042 Β.
679 1004 723 1042 de
746 1002 841 1041 Ball.
864 1002 1002 1053 Quare
1022 999 1262 1053 reposuimus
1283 1002 1454 1040 omnium
1475 1001 1556 1040 edd.
1576 1001 1705 1042 leftio-

440 1069 531 1096 nem
545 1056 697 1107 τρέφει,
712 1069 825 1108 quam
845 1057 958 1094 etiam
975 1066 1102 1094 tuetur
1121 1053 1192 1093 Ms.
1211 1053 1308 1106 Reg.
1323 1068 1394 1107 295
1405 1069 1437 1107 5,
1451 1055 1492 1095 &
1505 1053 1590 1107 ἔχοι
1614 1067 1705 1094 cum

441 1110 618 1151 Graevio
631 1109 863 1148 mutavimus
877 1109 915 1147 in
929 1110 1028 1160 ἔχει.

502 1164 590 1215 Pag.
610 1177 625 1202 ι
635 1177 652 1216 3
662 1177 694 1202 2.
709 1165 732 1202 l.
752 1177 784 1216 3.
801 1161 990 1214 Ἀνεκτδν)
1005 1160 1033 1200 Ι.
1048 1173 1082 1200 e.
1094 1160 1278 1209 mediocris,
1291 1161 1421 1201 modica
1433 1189 1444 1208 ‚
1457 1161 1508 1200 ita
1521 1171 1648 1201 tamen
1659 1172 1702 1201 ut

442 1216 533 1257 ferri
546 1216 668 1269 poffit.
683 1215 852 1257 GUYET.

496 1273 570 1309 ead.
587 1272 611 1310 l.
627 1284 664 1321 7.
687 1269 739 1309 Σὺ
757 1269 800 1309 Σὲ
823 1268 931 1317 vimi
955 1266 993 1306 τί
1014 1267 1234 1318 βουλόμενος
1260 1267 1444 1316 πυνθάνῃ
1465 1267 1708 1321 γράμματα,

444 1319 564 1375 εἷπον,
581 1323 735 1376 κομίζω)
749 1322 953 1363 Crederem
968 1321 1013 1359 ab
1026 1321 1199 1360 Luciano
1213 1333 1292 1360 non
1307 1319 1519 1373 preteetum
1529 1322 1708 1372 πυνθάνῃ,

442 1377 505 1416 sed
519 1378 763 1427 πυνθανομένῃ
776 1406 787 1422 ,
805 1375 911 1428 quod
927 1374 1025 1414 forte
1047 1386 1116 1427 per
1135 1375 1405 1427 compendium
1420 1374 1598 1435 scriptum
1620 1388 1641 1414 a
1660 1374 1707 1414 li·

440 1431 575 1470 brariis
591 1440 776 1470 mutatum
791 1430 829 1468 in
843 1428 1013 1479 πυνθάνῃ.
1027 1428 1159 1467 Latine
1169 1427 1236 1467 sle:
1253 1428 1303 1466 Tu
1317 1444 1406 1475 vero,
1418 1429 1570 1479 quisnam
1584 1444 1630 1476 es,
1641 1441 1707 1468 aut

442 1485 611 1536 quidvis,
627 1483 859 1537 percontanti,
878 1483 1012 1527 literas,
1034 1482 1191 1534 inquam,
1214 1480 1325 1534 affiro.
1345 1482 1386 1520 L.
1407 1482 1506 1521 BOS.
1532 1482 1586 1521 At
1604 1481 1705 1522 Γθᾶθ

442 1538 556 1577 habet
576 1534 891 1590 vulgata‚ut{'qm
913 1535 954 1574 δι
976 1534 1134 1583 πυνθάνῃ
1153 1534 1218 1574 fibi
1234 1547 1312 1574 non
1328 1534 1598 1588 respondeant,
1616 1548 1706 1575 nam

441 1592 635 1643 pertinent
650 1591 697 1629 ad
714 1589 880 1630 diversas
892 1587 1069 1642 personas
1080 1618 1093 1634 ,
1109 1598 1152 1627 ut
1172 1601 1219 1627 ex
1234 1587 1410 1628 versione
1422 1590 1495 1628 iam
1515 1599 1617 1642 patet
1630 1589 1709 1628 cla·

441 1644 597 1684 riffime.
619 1644 744 1684 Immo
776 1645 815 1683 in
836 1641 1211 1694 interrogatiunculis
1232 1640 1462 1689 istiusmodi,
1486 1655 1534 1683 ne
1560 1641 1708 1696 semper

442 1699 597 1752 quidem
619 1700 656 1736 in
669 1698 798 1737 eadem
816 1694 976 1749 persona
996 1696 1116 1735 verba
1130 1694 1313 1734 collocari
1328 1708 1426 1748 opus
1442 1695 1515 1743 est;
1529 1697 1709 1749 quamvis

444 1752 491 1791 ad
508 1752 670 1791 eundem
684 1751 881 1791 hominem
894 1749 1144 1802 interrogatio
1163 1749 1358 1801 dirigatur.
1378 1749 1435 1788 Ita
1449 1749 1618 1801 Alciphr.
1631 1749 1707 1799 111,

444 1804 559 1858 Epist.
579 1819 627 1857 54
641 1818 696 1858 pr.
712 1802 1061 1856 Tisanpz'12153'ioc05
1082 1799 1182 1854 ἐρήσῃ
1201 1816 1272 1852 με,
1287 1804 1305 1842 ἢ
1329 1802 1435 1843 πόθεν
1458 1803 1641 1856 κατέαγα
1661 1806 1706 1842 τὶ

441 1859 636 1912 κρανιον,ἢ
658 1858 739 1898 πῶς
763 1855 875 1898 τοῦτο
896 1878 941 1886 -
965 1856 1110 1906 ἱματων
1127 1856 1246 1907 φορῶ;
1272 1869 1359 1895 nam
1380 1855 1449 1895 etsi
1470 1860 1642 1909 κατέαγε
1666 1857 1706 1896 in

443 1925 527 1952 uno
541 1911 639 1952 Cod.
659 1912 824 1965 legatur,
842 1910 1002 1962 sequens
1016 1921 1142 1948 tamen
1154 1908 1251 1961 φορῶ
1266 1909 1350 1949 satis
1367 1910 1553 1963 loquitur,
1565 1911 1708 1950 κατέα-

444 1981 505 2020 γα
517 1966 731 2018 legendum.
745 1965 799 2004 At
815 1965 874 2003 liic
889 1963 958 2002 alia
972 1963 1024 2002 est
1037 1963 1147 2002 ratio.
1159 1963 1305 2002 Rffi‘rz.

499 2022 575 2057 ead.
594 2020 618 2058 l.
634 2018 670 2058 8.
685 2015 916 2070 Δεκριανοῧ)
939 2017 1027 2056 Fuit
1039 2047 1052 2062 ‚
1076 2029 1163 2056 cum
1186 2016 1375 2056 censerem
1399 2029 1543 2056 nomen
1556 2015 1629 2056 effe
1643 2029 1708 2069 pa-

446 2073 526 2111 tris.
542 2072 659 2111 Muto
676 2085 778 2112 nunc
792 2071 1022 2111 sententiam.
1036 2070 1193 2109 SOLAN.
1206 2071 1290 2121 Περὶ
1307 2070 1435 2122 Δεκρ.)
1449 2070 1550 2109 Nihil
1564 2070 1626 2110 hic
1642 2083 1710 2110 va-

443 2126 588 2166 rietatis
601 2126 801 2164 annotavit
817 2124 1000 2163 Reitzius.
1013 2123 1169 2163 Refflus
1188 2134 1316 2162 tamen
1328 2123 1588 2164 Salmurienfis
1601 2127 1709 2175 παρὰ

445 2186 558 2231 Δεκρ.
581 2179 686 2232 quod
704 2179 857 2218 reddere
871 2177 1043 2218 Luciano
1071 2189 1120 2216 eo
1141 2177 1267 2216 minus
1293 2177 1584 2223 haesitavimus,
1599 2178 1707 2229 quod

444 2232 489 2272 &
509 2231 558 2271 fic
573 2232 888 2273 haberividemus
908 2232 945 2270 in
961 2230 1032 2270 Ms.
1055 2230 1151 2283 Reg.
1172 2244 1286 2284 2955.
1303 2231 1386 2283 Περὶ
1407 2244 1494 2272 cum
1507 2231 1706 2271 Reitziana

443 2286 560 2327 etiam
579 2286 625 2326 B.
646 2301 687 2335 4.

499 2341 572 2377 ead.
588 2340 611 2377 l.
625 2354 662 2392 9.
676 2338 879 2392 Παταρέως
893 2337 910 2391 )
922 2338 1023 2377 Nihil
1038 2337 1172 2378 dubito
1183 2367 1195 2386 ‚
1210 2337 1300 2391 quin
1318 2337 1494 2389 Πατρέως
1505 2337 1706 2390 legendum

445 2391 492 2432 sit
503 2422 514 2440 ‚
531 2392 567 2431 id
574 2391 646 2442 lest,
658 2393 839 2444 Patrenfis.
851 2392 1003 2432 Mentlo
1015 2390 1058 2431 fit
1070 2392 1291 2444 Δουσαρείου
1303 2391 1484 2444 Πατρείου
1497 2391 1597 2443 apud
1610 2391 1707 2430 Am-

448 2446 622 2496 monium
637 2446 682 2486 de
696 2447 851 2498 Interpr.
861 2459 895 2499 p.
904 2460 917 2484 1
925 2459 961 2496 7.
974 2456 1028 2484 LA
1039 2445 1200 2486 CRozr..
1213 2445 1259 2484 Et
1269 2443 1318 2485 fic
1328 2457 1376 2484 ex
1384 2445 1442 2484 Fl.
1455 2445 1549 2484 dedi.
1561 2444 1708 2484 Rtrrz.

499 2498 899 2557 ead.l.12.'E⁷re‘‹5*qnoe)
914 2499 1019 2541 Male
1032 2499 1070 2539 in
1085 2498 1266 2540 omnibus
1277 2499 1412 2552 legitur
1429 2497 1622 2540 ἑπέὲωκα.
1632 2498 1705 2539 Sed
