1764 3419
242 231 322 276 IN
370 228 528 278 ΡΜ)
574 229 1068 278 IMAGINIBUS.
1133 267 1136 270 .
1196 249 1294 298 409

91 322 163 359 ead.
178 321 202 360 I.
221 320 513 374 9.Ἐγκριό·εως)
530 320 700 374 Ἐγιιρίνω
722 320 863 360 iudicio
883 333 972 360 meo
995 320 1290 373 comprobatum

39 372 197 414 admitto
210 401 221 421 ,
239 374 393 427 adopto.
414 374 580 414 GUYET.

91 428 197 465 ead.l.
215 441 229 465 1
242 439 270 464 ι.
284 427 543 466 Ἐλλανοέίιιαι
556 426 573 480 )
588 425 701 466 Conf.
716 425 810 465 infra
832 431 985 480 Περεγρ.
1007 440 1038 466 c.
1056 440 1115 476 3¹·
1129 426 1288 466 SOLAN.

38 478 129 519 Hoc
149 480 234 519 ideo
249 482 419 527 monuit,
437 481 554 519 credo
566 511 577 527 ‚
590 481 677 532 quia
692 480 753 518 hic
767 481 804 518 in
820 482 848 518 I.
865 482 922 519 bis
943 480 1038 519 male
1056 479 1291 519 Ἐλαιιοὸίκαι

36 543 156 572 υηολ
172 545 395 580 exaratum3
413 544 450 572 at
465 532 559 578 infra
578 532 602 571 l.
623 545 655 572 c.
678 532 778 573 reete
795 534 905 573 habet
927 533 1056 573 eadem
1072 546 1160 572 cum
1183 534 1286 574 aliis:

36 583 97 625 sed
112 587 226 638 pudet
240 588 500 626 minutiarum.
516 586 660 626 Rzrrz.

10 682 12 686 ,
89 642 160 678 ead.
174 641 196 681 l,
216 653 272 690 17.
294 639 496 679 Γυναικεῖὸν
517 641 576 693 τι)
600 639 830 680 Imbecillum
845 672 854 687 ‚
879 641 1134 680 verecundum
1156 640 1293 688 nimis,‘

36 691 79 733 δι
97 691 345 744 superstitioni
359 694 601 746 proximum,
618 693 820 733 secundum
835 695 924 734 Ter.
942 695 1084 733 Heaut.
1104 710 1126 741 4
1139 725 1147 739 ,
1167 708 1199 741 1,
1216 707 1288 747 37:

39 747 95 784 Ut
99 748 223 799 stultae
243 747 424 798 &miserae
440 764 551 787 omnes
563 748 684 797 fiemus
702 748 881 798 religiosae.
902 748 1072 786 MOlliter
1092 750 1231 786 accedlt
1245 748 1292 787 ad

33 798 278 840 refellendum
293 801 469 840 amicum.
484 801 613 840 Potuit
625 802 759 852 aliquis
779 802 931 839 nimiam
951 801 1171 853 religionem
1196 800 1293 840 Pan—

26 852 144 893 -theae
162 854 419 905 interpretari:
439 867 514 906 ego
533 854 685 907 quidem
699 855 810 893 initio
826 855 876 894 fic
896 855 1102 907 putabam3
1123 854 1183 893 sed
1205 867 1291 893 mn-

33 907 114 947 tavi
138 906 368 946 sententiam.
391 907 518 948 GESN.

83 960 120 998 in
135 961 251 1000 Schol.
266 962 328 1000 col.
346 975 378 1000 1.
396 962 420 999 l.
435 974 466 1000 1.
483 961 538 1000 Μὶι
553 960 615 1014 δὲ)
629 960 783 1013 Reliqui
799 961 873 999 hoc
888 959 1069 1000 discretim
1086 959 1258 1013 scriptum
1271 990 1283 1007 ‚

28 1012 100 1052 etsi
112 1013 212 1062 ‘anst
231 1013 389 1053 iunftim
413 1015 450 1053 in
476 1015 629 1054 Lucian.
654 1016 745 1066 quia
767 1014 806 1053 &
827 1014 911 1052 alibi
936 1013 1044 1064 saepe
1065 1016 1231 1053 variatur
1253 1016 1290 1053 in

31 1066 113 1107 edd.
131 1081 292 1120 quarum
310 1068 514 1109 nonnullae
528 1069 606 1107 fere
620 1067 762 1119 semper
772 1066 824 1117 μὴ
839 1067 882 1106 δὲ
897 1068 1123 1120 disiungunt
1144 1068 1289 1108 Rmz.

84 1121 175 1172 Pag.
192 1123 252 1173 36.
266 1122 289 1161 l.
304 1134 334 1160 1.
351 1121 472 1162 Εὶπεῖν
492 1121 596 1173 ἔὲοξε
611 1121 628 1174 )
652 1120 895 1173 Depravatus
911 1121 970 1160 hic
992 1121 1099 1159 locus
1117 1121 1188 1165 est,
1208 1121 1289 1160 for·

35 1172 100 1213 san
116 1174 240 1213 deleto
255 1173 432 1223 τοιοῦτον,
455 1174 556 1214 reete
578 1175 785 1214 habiturus.
807 1173 849 1212 In
871 1174 912 1215 L.
932 1187 1003 1227 pro
1027 1174 1143 1214 εἰπεῖν
1158 1174 1292 1226 ἕὲοξε,

32 1226 210 1280 scriptum
231 1228 284 1267 est
305 1228 433 1268 παθεῖν
454 1228 575 1280 ἔδοξε.
595 1227 750 1267 SOLAN.

33 1309 36 1312 -
82 1285 155 1320 ead.
171 1282 193 1320 l.
212 1295 246 1320 2.
259 1282 556 1331 Ἐπλημμέλησα
575 1281 712 1334 ἐνορῶν)
733 1279 873 1320 Forsan
894 1281 1161 1330 πλημμέλημα
1185 1281 1288 1319 ἐνεώ-

27 1349 106 1390 ρων.
125 1335 296 1376 GUYET.
317 1335 457 1374 Forsan
478 1338 743 1387 πλημμέλημα
763 1335 920 1386 ἐνεώρων.
937 1335 1019 1387 Ego
1037 1346 1138 1373 certe
1161 1347 1206 1373 ex
1230 1347 1289 1373 re-

28 1399 139 1441 cepta
164 1389 326 1428 leffione
354 1390 503 1428 nullum
528 1388 671 1428 sensum
699 1389 909 1427 extundere
937 1402 997 1428 me
1024 1388 1128 1439 poffe
1153 1386 1289 1427 fateor.

29 1440 188 1481 SOLAN.
211 1442 296 1496 Qui
320 1442 365 1481 ad
391 1453 511 1482 totam
530 1443 643 1482 huius
663 1442 739 1481 loci
762 1441 983 1481 sententiam
1006 1442 1224 1488 attenderit,
1246 1443 1288 1480 il-

29 1493 108 1535 lum
123 1496 250 1536 videre
267 1508 384 1549 puto,
400 1497 493 1536 haec
506 1527 518 1543 ,
530 1506 574 1536 ut
586 1497 768 1549 leguntur
782 1496 930 1535 Graece
941 1526 952 1543 ,
974 1494 1120 1534 sensum
1138 1507 1215 1534 non
1229 1495 1289 1534 ha-

26 1548 117 1588 bere
131 1550 321 1589 idoneum.
336 1551 491 1598 Verbo,
505 1551 704 1602 legendum
717 1580 728 1597 ,
746 1550 851 1601 quod
868 1560 982 1588 vetus
995 1550 1192 1600 interpres,
1206 1548 1290 1588 Ob..

25 1602 191 1653 sopoeus
204 1633 215 1649 ,
238 1605 315 1642 iam
350 1604 499 1643 videtur
530 1602 851 1646 animadvertisse.
880 1598 983 1641 οὐδὲν
1015 1607 1287 1652 πλημμέλημα

25 1655 170 1705 ἐνώρων,
183 1657 244 1696 vel
266 1657 411 1709 ἐνεώρων
429 1656 508 1697 τοῖς
526 1657 818 1714 γεγραμμένοις.
832 1656 888 1694 Ita
902 1666 1004 1695 certe
1019 1656 1287 1708 interpretatus

25 1709 127 1750 sum:
153 1710 194 1749 δι
218 1712 268 1749 ita
295 1710 428 1750 dediffe
448 1712 521 1750 iam
551 1712 664 1750 video
691 1709 887 1749 Solanum.
913 1708 1041 1749 GESN.
1063 1709 1215 1758 Viden'‚
1240 1720 1285 1748 ut

24 1764 228 1804 concinant
250 1764 398 1816 Guyet.
423 1765 463 1804 δι
484 1763 668 1804 Solanus?
688 1762 921 1803 Conieetura
941 1763 1081 1813 placet3
1100 1762 1160 1802 sed
1190 1776 1284 1802 num

25 1817 193 1869 Guyeto
215 1818 313 1857 illam
339 1818 564 1857 subtraxerit
578 1817 720 1862 noster,
741 1830 819 1855 non
836 1817 1010 1855 dixerim.
1033 1816 1213 1856 Ceterum
1238 1818 1286 1855 de

17 1870 310 1912 ‘construetione
322 1871 385 1910 illa
400 1870 518 1923 ἑνορᾷν
533 1886 623 1918 τινι,
643 1871 732 1909 vide
750 1869 859 1923 supra
878 1880 1008 1909 notata
1026 1871 1072 1908 ad
1093 1870 1108 1919 §
1132 1885 1145 1908 1
1169 1871 1285 1909 huius

14 1922 126 1967 Dial.
146 1926 210 1964 ubi
232 1925 391 1966 Gesner.
411 1926 526 1965 etiam
552 1924 819 1975 πλημμέλημα
841 1924 1039 1977 legendum
1065 1924 1177 1963 tacite
1200 1936 1284 1962 mo-

24 1979 118 2018 nuit.
142 1979 288 2019 Rerrz.

79 2033 172 2086 Pag.
187 2046 246 2085 37.
267 2034 289 2072 l.
303 2046 336 2083 7.
352 2031 654 2084 Ἐπικλώμενον)
676 2032 855 2083 Inflexum.
872 2030 1039 2072 Gom.
1055 2031 1126 2070 Sed
1141 2030 1282 2070 Bened.

23 2082 98 2125 iam
111 2087 264 2125 dederat
281 2089 439 2138 reflexum
450 2101 466 2133 ;
479 2098 549 2125 nec
565 2085 717 2136 Guyeti
733 2098 863 2125 notam
887 2084 1096 2124 addidiss'em
1109 2114 1122 2131 ‚
1139 2084 1204 2123 nisi
1226 2085 1285 2123 vi-

23 2139 150 2179 derem
164 2139 420 2192 Obsopoeum
437 2138 587 2179 vertiffe
600 2140 774 2185 derivata,
791 2139 895 2192 quod
915 2138 1109 2190 aliquanto
1128 2138 1285 2190 longius

23 2204 48 2235 a
70 2193 226 2233 Graeco
247 2194 410 2239 recedit,
433 2194 594 2244 ideoque
615 2193 690 2232 hoc
714 2194 913 2232 emendare
935 2191 1119 2243 Guyetus
1145 2192 1284 2231 voluit,

25 2244 124 2289 Nam
141 2246 376 2287 ἐπικλᾶσθαι
397 2260 468 2298 pro
483 2248 650 2285 debilitari
662 2277 673 2293 ‚
687 2245 829 2298 infringi
841 2248 953 2285 animo
967 2244 1157 2298 frequens.
1170 2245 1282 2285 Thu-

24 2301 113 2350 cyd.
127 2300 200 2348 llI,
215 2315 262 2354 59
273 2330 284 2346 ‚
298 2301 513 2351 φείσασθαι
528 2300 572 2339 ἓὲ
588 2302 650 2340 καὶ
665 2299 944 2340 ἐπικλασθῆναι
956 2298 1006 2348 ‘risi'
1016 2300 1145 2352 ’γνώμῃ
1161 2296 1283 2337 οἶκτον

26 2353 195 2405 σώφρονα
204 2354 404 2399 λαβόντας.
421 2354 467 2393 Et
479 2353 549 2400 IV,
562 2368 622 2406 37,
638 2355 671 2392 εἴ
681 2368 760 2391 πως
771 2352 839 2392 τοῦ
851 2353 1090 2406 κηρύγματος
1103 2353 1286 2390 ἀκοῦσαν,

24 2419 90 2446 τες
101 2408 364 2448 {mamaeam
380 2406 429 2457 τῇ
440 2407 575 2462 γνώμη.
589 2407 707 2446 Dion.
721 2407 806 2446 Hal.
820 2407 911 2446 Ant.
926 2407 1117 2459 V11‚pag.
1132 2406 1208 2453 466
1224 2405 1284 2443 ed,

25 2457 123 2513 Lips.
143 2460 272 2501 παθεῖν
294 2475 357 2507 τι,
384 2462 449 2500 καὶ
472 2459 749 2500 &mama-*siim
779 2462 853 2500 τὰς
881 2460 1049 2513 γνώμας.
1077 2460 1178 2498 ldem
1202 2457 1285 2506 VI,

32 2513 128 2570 382,
143 2514 232 2554 ἀλλ’
252 2515 518 2557 ἑπικλόισὲὂητε
535 2515 601 2554 καὶ
624 2514 769 2567 εἴξατε.
787 2515 889 2557 Hinc
909 2514 949 2554 δι
965 2527 1037 2568 pro
1054 2513 1141 2565 flenfli
1155 2541 1169 2557 ,
1184 2511 1284 2551 incli-
