1764 3419
432 202 530 265 438
631 200 1503 248 ANNOTATIONES

432 290 582 336 Verte,
602 292 650 329 ad
664 291 905 341 Imperatorem.
931 287 1112 328 Solebant
1137 288 1237 327 enim
1261 287 1448 327 Praesides
1473 286 1696 340 provincia·

433 356 518 382 rum
533 374 546 389 ,
566 343 630 382 ubi
651 344 688 382 in
715 342 894 383 honestos
912 342 1084 380 homines
1097 354 1220 391 poena
1235 341 1428 380 statuenda
1442 353 1543 386 erat,
1558 342 1698 393 princi·

432 410 518 448 pem
536 396 735 435 consulere
752 397 773 435 l.
792 396 888 435 Divi
915 395 1072 440 fratres.
1091 394 1106 443 §
1125 408 1136 431 t
1155 394 1193 433 δι
1210 409 1231 432 2
1250 393 1290 432 ff.
1306 396 1351 432 de
1367 394 1508 443 poenis.
1524 396 1578 432 At
1591 407 1698 433 men-

434 451 489 490 tio
513 449 639 501 Gyari
656 449 849 489 Erasmum
870 448 995 488 saltem
1010 446 1283 492 admonuiffet,
1305 447 1380 485 loci
1401 447 1586 486 Romanis
1599 446 1696 486 exst·

432 505 490 543 liis
503 502 720 555 frequentis.
737 504 825 541 Hoc
848 501 1029 540 monebat
1046 501 1140 538 idem
1162 500 1338 546 Senator,
1355 500 1396 539 δι
1410 501 1590 540 vincent.
1611 499 1698 539 Ob·

432 554 600 610 sopoeus
614 567 844 608 argumento
858 554 1012 593 εἰκόνων.
1031 553 1201 592 BOURD.
1507 599 1513 605 ν

485 612 557 648 ead.
571 610 593 647 l.
607 623 620 646 ι
631 623 664 648 2.
678 609 809 660 Γύαρον
826 606 929 647 νῆσον
944 606 1017 646 τῶν
1032 606 1256 658 Κυκλάὲων)
1268 605 1500 658 Cycladibus
1511 618 1693 645 annume-

435 674 494 702 rat
507 663 617 701 etiam
632 661 768 701 Strabo
787 675 834 700 10
847 692 858 707 ‚
874 675 908 713 p.
923 675 1019 713 334,
1034 673 1147 712 atque
1162 659 1255 698 Plin.
1274 659 1296 698 8
1310 691 1321 707 ‚
1336 673 1384 712 29
1397 689 1407 704 ,
1429 660 1453 698 s.
1472 674 1518 711 43
1531 667 1557 707 3·
1569 658 1628 698 sed
1640 661 1697 697 in·

435 727 492 754 ter
506 715 694 768 Sporadas
707 714 821 754 refert
835 715 931 753 idem
947 713 1036 752 Plin.
1049 729 1074 761 4
1086 744 1096 760 ,
1115 728 1127 751 1
1139 728 1159 750 2
1173 743 1185 758 ,
1202 712 1227 751 s.
1245 727 1306 765 23,
1319 714 1359 753 &
1373 713 1583 764 Stephanus
1594 712 1695 762 Byz.

437 767 620 807 Ceterum
636 769 709 807 hoc
726 768 904 820 exemplo
920 766 1122 806 illustratur
1137 766 1226 805 illud
1237 766 1398 817 Satyrici
1409 796 1421 814 ‚
1438 767 1538 804 Ande
1552 767 1698 818 ahquid,

437 822 590 860 brevibus
608 823 743 874 Gyaris
760 822 793 859 δ’
805 837 930 860 canere
941 821 1076 873 dignum
1092 820 1167 859 διε.
1184 819 1312 859 GESN.

487 878 561 913 ead.
578 875 602 912 l.
622 889 679 925 15.
695 873 932 915 Συνεισιῖλθεν
950 874 998 913 εἰς
1015 875 1058 912 τὶ
1077 870 1320 925 δικαστήριον
1334 871 1350 924 )
1363 871 1494 912 Utitur
1514 871 1612 911 inter
1625 871 1696 911 alia

439 927 478 968 &
494 928 570 967 hoc
586 928 740 968 Luciani
756 928 973 967 testimonio
987 927 1014 966 1.
1038 926 1210 965 Elinerus
1225 928 1271 964 ad
1291 925 1507 964 illustranda
1521 922 1694 975 Apostoli

437 981 556 1020 verba
575 981 611 1024 ἐν
630 981 680 1029 τῆ
692 982 817 1033 πρώτῃ
838 997 912 1030 μου
928 980 1122 1032 ἀπολογία
1143 977 1261 1019 οὖὸείς
1279 994 1342 1029 μοι
1361 989 1693 1032 συμπαρεγειετο,

436 1047 536 1087 quae
557 1035 735 1087 leguntur
757 1036 795 1074 in
812 1050 833 1074 2
850 1033 960 1086 Epist.
982 1034 1027 1072 ad
1040 1033 1212 1072 Timoth.
1228 1033 1300 1079 IV,
1320 1033 1376 1070 16.
1391 1033 1579 1071 Nimirum
1596 1031 1695 1082 peri-

437 1089 657 1131 clitantibus
671 1089 708 1128 in
723 1089 869 1127 iudiciis
881 1085 1001 1127 adeffe
1014 1086 1142 1125 solitos
1157 1087 1299 1125 amicos
1314 1085 1348 1124 δι
1366 1095 1562 1136 patronos,
1574 1083 1692 1136 (quos

436 1144 620 1181 advocatos
645 1142 784 1188 dictos,
809 1142 975 1186 notum.)
1002 1140 1120 1192 quue
1136 1152 1176 1179 ut
1199 1140 1246 1178 ad
1269 1139 1397 1178 locum
1422 1140 1467 1178 N.
1480 1137 1532 1176 T.
1549 1149 1626 1176 non
1643 1137 1696 1175 in-

435 1208 654 1249 congruum
675 1208 777 1241 erat,
797 1196 848 1234 ita
867 1196 911 1234 ad
931 1194 1143 1233 Lucianum
1158 1206 1240 1232 non
1256 1205 1356 1244 opus
1376 1194 1442 1232 erit
1463 1191 1497 1229 id
1520 1189 1693 1243 pluribus

435 1261 633 1304 exponere
653 1261 719 1288 aut
740 1247 910 1292 firmare,
935 1248 1040 1299 quod
1064 1259 1122 1286 res
1144 1245 1188 1284 fit
1213 1244 1409 1286 notiffima.
1434 1244 1522 1284 Vid.
1543 1255 1695 1291 tamen,

436 1302 465 1344 fi
480 1304 558 1350 vis,
574 1303 723 1342 Herald.
741 1302 784 1341 ad
804 1303 860 1340 ius
874 1302 1056 1341 Atticum.
1074 1300 1219 1339 szrz.

491 1356 526 1395 in
540 1357 655 1395 Schol.
669 1357 730 1396 col.
751 1369 782 1394 1.
795 1355 818 1393 l.
837 1370 872 1394 2.
891 1354 1050 1407 Gyaris)
1064 1353 1186 1392 Modo
1203 1353 1303 1392 enim
1320 1351 1444 1404 Gyara
1459 1350 1554 1402 plur.
1575 1349 1693 1391 modo

442 1411 589 1461 Gyarus
606 1410 702 1448 dicit.
722 1409 810 1447 Vid.
825 1407 900 1447 Sat.
916 1408 951 1455 l,
969 1421 1032 1459 73.
1054 1407 1131 1446 Ubi
1147 1416 1271 1445 tamen
1286 1405 1493 1456 posteriore
1510 1404 1600 1444 loco
1615 1416 1696 1443 non

437 1463 588 1514 aliquid„
603 1462 663 1501 sed
681 1463 805 1514 aliquis
821 1461 960 1501 reffius
983 1461 1129 1500 editum
1140 1491 1151 1507 ‚
1169 1461 1207 1498 61
1225 1459 1351 1498 nescio
1366 1470 1460 1497 num
1475 1457 1638 1498 Solanus
1652 1458 1693 1497 in

436 1516 681 1556 describendo
693 1516 851 1555 Scholio
865 1514 1119 1560 aberraverit,
1136 1525 1186 1552 an
1201 1513 1236 1550 in
1250 1511 1329 1563 ipso
1348 1510 1446 1551 cod.
1463 1510 1513 1550 s1c
1533 1511 1694 1564 legatur.

438 1569 509 1609 Sed
522 1570 561 1609 δι
576 1569 613 1607 in
628 1570 762 1608 luven.
776 1567 914 1608 lenum
929 1569 1122 1620 quondam
1133 1567 1272 1618 aliquis,
1282 1577 1604 1604 commentatores
1616 1577 1696 1605 mo·

436 1635 530 1661 nent
544 1636 579 1675 p.
592 1623 669 1673 762
685 1623 742 1662 ed.
757 1621 919 1662 Casaub.
939 1620 1125 1673 Singulari
1141 1631 1257 1659 utitur
1270 1619 1367 1658 idem
1383 1619 1516 1659 iuven.
1532 1619 1591 1665 X,
1608 1631 1696 1666 170,

446 1678 498 1715 Ut
511 1676 653 1727 Gyarae
665 1675 803 1727 clausus
807 1675 978 1728 scopuEs,
988 1688 1160 1728 parvaque
1177 1673 1327 1724 Seripho.
1341 1671 1480 1712 Cetera
1496 1672 1570 1711 vid.
1585 1671 1696 1711 Eras-

438 1743 522 1770 mus
537 1731 575 1768 in
591 1729 712 1782 Adag.
733 1730 877 1769 ΚΕΗ-Ζ.

493 1785 582 1836 Pag.
597 1783 661 1831 78.
675 1785 699 1821 l.
716 1797 749 1835 3.
768 1779 1020 1834 Πορφυρεῦσι)
1037 1782 1180 1826 Verte,
1194 1790 1237 1820 ut
1258 1779 1354 1819 idem
1370 1778 1547 1826 Senator,
1562 1792 1694 1830 purpu-

438 1853 548 1877 rarum
557 1836 788 1888 piscatoribus.
802 1836 907 1874 Aiihi
921 1836 966 1874 de
1006 1833 1202 1874 uibusdam
1216 1834 1326 1872 huius
1338 1832 1496 1886 Dialogi
1508 1833 1696 1872 narratio-

437 1891 550 1931 nibus
563 1888 692 1929 fufius.
705 1889 875 1928 ssounn.
891 1849 1135 1931 Iamffitrabo,
1150 1900 1241 1926 curn
1255 1885 1451 1940 appuliffet
1465 1887 1510 1926 ad
1525 1886 1621 1926 hanc
1636 1886 1695 1925 in-

435 1945 552 1985 sulam
565 1974 578 1991 ,
596 1944 729 1992 κώμιον
746 1942 840 1997 ἔγνω
856 1941 928 1981 ὑπὸ
951 1941 1083 1981 ἁλιέων
1101 1938 1390 1990 συνοικούμενον,
1407 1950 1452 1979 ut
1463 1938 1538 1993 ipse
1565 1940 1615 1978 ait
1634 1939 1697 1988 X,

438 2013 475 2053 p.
490 2010 585 2051 334,
599 1996 675 2045 483
691 1996 754 2036 ubi
769 1996 877 2049 plura
893 1996 938 2035 de
950 2008 1086 2035 eorum
1106 1994 1303 2034 hominum
1318 2005 1551 2046 paupertate.
1567 1992 1696 2034 GESN.

490 2051 568 2089 ibid.
584 2053 630 2088 Tb
645 2049 866 2104 γινόμενον)
882 2048 1061 2088 Conferri
1087 2047 1238 2087 iusserat
1253 2047 1416 2088 Solanus
1433 2047 1564 2086 Somn.
1579 2061 1611 2086 1.
1635 2046 1693 2086 lbi

435 2104 537 2144 enim
551 2103 671 2155 legas,
686 2103 881 2155 ἀποφέρων
900 2101 956 2141 ἀεὶ
969 2105 1012 2142 τὸ
1026 2101 1264 2156 γιγνόμενον.
1279 2101 1369 2141 Vid.
1386 2111 1465 2140 not.
1477 2099 1692 2140 Hemsterh.

437 2157 547 2197 Adde
569 2157 683 2196 Alex.
700 2169 732 2196 c.
748 2171 804 2209 54.
824 2157 886 2196 Ac
902 2155 1010 2196 fimul
1027 2157 1182 2195 adverte
1195 2184 1209 2201 ‚
1229 2154 1255 2193 s1
1270 2154 1363 2193 tanti
1381 2154 1529 2193 videtur
1542 2185 1554 2202 ,
1572 2154 1690 2196 modo

434 2211 674 2266 γιγνὸμενον,
688 2211 806 2249 modo
820 2209 1011 2264 γινόμενον
1025 2209 1097 2249 effe
1110 2210 1146 2247 in
1158 2209 1328 2248 Luciano
1340 2223 1351 2255 3
1367 2208 1484 2247 modo
1498 2208 1534 2246 in
1550 2208 1693 2260 antiqq.

433 2266 513 2304 edd,
527 2264 685 2318 γιγνέμ.
701 2264 767 2303 ubi
788 2264 825 2302 in
843 2275 998 2303 recentt.
1015 2278 1142 2317 γενομ.
1157 2262 1230 2301 Hic
1242 2261 1392 2313 quidem
1408 2275 1487 2314 γιν.
1500 2261 1558 2301 H.
1570 2273 1692 2314 aeque

435 2331 480 2358 ac
493 2319 522 2357 I.
541 2318 582 2357 &
596 2318 652 2356 Η.
672 2318 716 2356 Ρ.
732 2317 804 2356 διε.
825 2316 932 2356 Alibi
948 2329 1025 2356 non
1047 2315 1192 2368 semper
1208 2314 1420 2355 huiusmodi
1445 2314 1614 2354 minutiis
1634 2326 1695 2355 re·

434 2371 626 2413 censendis
638 2370 770 2410 ieetori
782 2369 966 2410 fastidium
982 2371 1182 2422 patiemus.
1195 2369 1340 2408 Rmz.

485 2428 557 2464 ead.
583 2426 606 2464 l.
628 2438 663 2477 9.
682 2425 800 2463 Πέντε
825 2424 895 2464 διε.
910 2424 926 2476 )
943 2423 980 2462 Si
1006 2437 1053 2463 ex
1075 2423 1253 2463 Romana
1278 2421 1429 2461 historia
1455 2420 1501 2461 de
1521 2419 1695 2474 Agatho-

429 2479 486 2521 cle
509 2478 629 2521 isthoc
658 2478 795 2533 aliquid
821 2477 1032 2527 constaret,
1055 2477 1162 2518 nullo
1181 2477 1255 2517 iam
1281 2476 1442 2530 negotio
1467 2473 1594 2529 scripti
1618 2473 1691 2520 huf
