1764 3419
459 276 556 332 ‘430
662 264 1536 312 ANNOTATIONES

514 355 592 393 ibid.
605 353 835 406 Ἐπιτίμιον)
848 351 963 392 Conf.
982 350 1093 404 supra
1106 355 1222 391 Μισῢ.
1238 364 1271 392 c.
1285 366 1310 401 4
1326 352 1423 392 med.
1434 353 1541 406 Ὀρχ.
1562 365 1596 393 c.
1611 347 1730 403 4115ss

458 407 517 448 fra
532 408 644 452 Διαβ.
660 408 675 456 §
692 408 740 447 26
754 438 765 455 ‚
779 406 819 445 &
833 410 927 456 Κρσν.
946 419 978 445 c.
999 421 1024 454 4
1036 418 1067 444 a.
1083 419 1131 444 m.
1144 404 1303 445 SOLAN.

517 463 606 512 Pag.
626 461 687 500 68.
702 461 724 498 l.
739 473 773 498 2.
789 459 1041 512 Τεθηγμένσυς
1055 459 1397 510 παρεσκευασμένῳ
1411 457 1497 498 τοὺς
1510 459 1667 513 λόγους)
1680 458 1729 500 ll-

458 515 524 555 lud
541 513 884 566 παρεσκευασμένῳ
909 511 1003 551 lens.
1019 512 1061 551 iis
1082 512 1289 563 praeteritis
1305 511 1456 564 paflivis
1478 525 1730 561 annumerat,

459 581 560 621 quae
575 580 646 618 pro
665 567 795 607 affivis
811 578 1021 618 ponuntur,
1041 565 1117 604 vid.
1132 565 1216 605 eius
1231 578 1310 605 not.
1328 567 1373 605 ad
1385 566 1627 618 Tyrannicid.
1643 579 1730 620 cap.

462 635 479 659 1
490 636 509 660 2
523 651 533 668 ‚
548 621 742 671 vertitque
754 649 764 664 ,
783 631 941 672 paratam
955 620 1088 658 habenti
1100 621 1292 658 orationem.
1312 619 1382 658 Sed
1397 633 1488 672 pace
1509 619 1605 659 illius
1621 619 1728 660 dixe-

459 676 530 714 rim
542 705 552 719 ,
570 686 649 712 non
663 673 780 712 video
794 702 807 718 ,
825 686 892 713 cur
912 672 1055 726 paffiva
1071 671 1297 725 significatio
1310 686 1387 712 non
1405 685 1577 719 maneat,
1595 673 1633 712 δι
1654 672 1699 712 fit
1712 701 1726 721 ,

458 728 611 778 ἱηβηιὲἵο
624 727 819 775 orationem,
837 725 917 765 sive
931 727 976 765 ad
993 726 1226 772 orationem,
1239 725 1475 766 usitatifl'imo
1489 725 1727 767 Graecismo.

460 781 687 833 Τεθηγμένοι
711 779 816 834 λέγω
832 793 930 819 vero
954 780 1039 819 sunt
1064 780 1183 819 verba
1209 781 1271 820 teli
1291 779 1402 819 instar
1423 791 1533 820 acuta
1555 781 1595 820 δι
1611 793 1728 834 pene·

459 836 597 874 trantia
612 866 623 883 ‚
639 834 758 874 veluti
778 835 823 874 de
844 833 1004 874 fulmine
1023 832 1249 887 τεθηγμένος
1273 835 1448 886 κεραυνὶς
1466 833 1602 873 Nofler
1616 833 1728 888 supra

458 888 562 928 Tim.
579 888 594 937 §
613 902 659 939 19
675 887 698 928 f.
718 888 823 927 Alibi
837 900 934 940 quae
948 888 991 927 ad
1006 887 1118 926 animi
1135 885 1312 927 affectum
1328 887 1562 927 movendum
1578 888 1729 938 valent,

460 954 505 982 ut
519 942 563 981 de
577 942 667 982 Salt.
682 954 714 981 c.
729 956 779 991 72
790 972 801 988 ‚
816 941 996 995 θήγουσα
1009 937 1241 995 τίννΑυχῆν.
1260 941 1403 980 Rmrz.

514 998 588 1034 ead.
603 997 626 1035 l.
639 992 826 1047 9.Ἐρῆμην
834 994 1047 1046 -ἇλῶιάὴ
1055 997 1091 1034 E
1095 1008 1140 1034 tre
1150 997 1408 1048 condamne'par
1416 993 1544 1046 defimt.
1553 993 1727 1035 Guxtr.

506 1051 608 1101 Pag.
629 1050 691 1099 69.
715 1051 738 1088 l.
770 1063 805 1088 2.
819 1047 1015 1102 ’Evscbo’co)
1031 1048 1119 1089 vid.
1142 1060 1271 1088 notam
1293 1048 1402 1089 lensii
1416 1050 1461 1088 ad
1480 1048 1496 1098 §
1523 1062 1558 1097 1,
1572 1049 1635 1088 ubi
1654 1049 1728 1089 hoc

461 1103 623 1142 'verbum
635 1115 768 1143 contra
781 1102 974 1155 pristinum
990 1103 1232 1154 interpretem
1243 1103 1420 1156 explicat.
1431 1102 1478 1142 Et
1493 1102 1619 1154 17Ver.
1629 1101 1728 1142 Hist.

461 1170 494 1196 c.
514 1171 574 1210 29.
588 1158 764 1196 Hermot.
779 1170 814 1196 c.
830 1170 879 1206 24
891 1157 965 1197 διε.
979 1155 1123 1195 REITz.

513 1213 585 1250 ead.
598 1212 620 1249 l.
637 1226 669 1264 3.
685 1210 835 1250 Ἱκανσιί.
851 1210 968 1250 πέντε
984 1208 1113 1264 ἔμοιγε
1136 1208 1220 1249 son.
1240 1208 1292 1249 ἔκ.
1306 1213 1412 1249 ΤΟΞ.
1428 1209 1445 1264 )
1460 1208 1517 1250 lta
1530 1209 1585 1250 uti
1597 1218 1729 1250 emen-³

461 1264 550 1304 dare
563 1264 714 1304 iusserat
727 1266 784 1303 vir
797 1264 1088 1311 celeberrimus,
1102 1264 1159 1303 ed.
1173 1265 1226 1302 Η.
1243 1263 1402 1304 SOLAN.

514 1321 586 1357 ead.
604 1321 627 1358 l.
646 1322 792 1367 ς.ΤοΞ.
812 1317 962 1371 κᾷμοὶ)
983 1316 1256 1373 Τυὼειωςὰςίὶ
1277 1318 1375 1358 ordo
1396 1316 1727 1370 colloquentium,

458 1374 526 1424 qui
540 1373 588 1412 s1c
601 1372 886 1412 constituendus
903 1371 964 1411 est.
981 1370 1124 1412 ΜΝΗΞ.
1148 1374 1193 1411 Εὐ
1213 1370 1356 1424 λέγεις.
1373 1372 1438 1410 καὶ
1458 1370 1672 1424 ὡρίσθωσαν
1691 1371 1728 1411 ὃ-

458 1427 580 1467 πὸσαι
597 1425 736 1465 ἱκαναί.
755 1426 873 1465 πέντε
892 1423 1023 1478 ἔμοιγε
1038 1422 1209 1465 δοκοῦσιν
1225 1424 1399 1478 ἑκατέρῳ.
1411 1429 1519 1465 ΤΟΞ.
1534 1426 1652 1476 Κᾴμοὶ
1665 1425 1727 1465 so-

458 1478 527 1519 κεῖ
545 1481 714 1533 πρότερες
726 1478 771 1520 Σὲ
782 1480 876 1534 ),έ·)ε
891 1480 965 1519 ἃς.
978 1479 1062 1518 dein
1073 1479 1156 1529 post
1168 1475 1246 1532 οὔχ
1257 1479 1354 1519 ὅσιον
1370 1477 1564 1518 άπιστεῖν.
1581 1483 1728 1519 ΜΝΗΣ.

456 1532 688 1582 ’Ofaot'aeuslioem
704 1547 733 1572 ει
750 1548 789 1572 τι
809 1534 870 1571 καὶ
884 1532 991 1586 ἕρπων
1006 1531 1082 1572 δεῖν
1099 1532 1266 1584 νομίζεις.
1281 1532 1339 1571 τίς
1351 1532 1399 1572 «Γέ
1409 1547 1465 1572 σοι
1478 1547 1516 1572 τ.
1529 1530 1698 1582 inmite&
1713 1547 1726 1582 3

459 1582 517 1640 ’ἄρ’
530 1587 653 1627 imm
669 1587 685 1625 ὃ
704 1587 850 1635 Φίλιος
868 1588 909 1626 ut
928 1587 1019 1626 haec
1038 1586 1169 1625 ultima
1182 1586 1313 1626 omnia
1335 1585 1539 1640 Mnestppo
1553 1585 1728 1627 tribuan-

458 1651 534 1680 tur.
559 1642 657 1681 Nam
679 1653 767 1681 cum
789 1639 1011 1694 Mnefippus
1029 1641 1135 1692 prior
1156 1653 1311 1680 narrate
1332 1641 1511 1694 incipiat,
1535 1653 1617 1680 non
1641 1640 1726 1694 pos·

459 1695 546 1734 sunt
559 1695 619 1734 illa
633 1695 751 1734 verba
766 1695 939 1747 πρότερος
954 1694 1049 1748 λέγε
1064 1693 1267 1748 Mnefippo
1279 1695 1500 1735 convenire.
1515 1693 1687 1740 GRAtv.

514 1751 587 1788 ead.
599 1750 619 1787 l.
633 1763 668 1801 9.
679 1749 742 1789 Τίς
754 1748 801 1788 5¹2¹
814 1748 891 1806 coL)
906 1748 1040 1788 Sermo
1053 1747 1249 1797 confusus,
1261 1761 1333 1801 pro
1345 1749 1404 1789 τίς
1415 1747 1463 1788 se'
1477 1761 1534 1787 σοι
1548 1746 1624 1788 ‘reiis‘
1639 1746 1726 1798 ἦμε-

458 1803 570 1852 ’τέρων
587 1803 680 1842 θεῶν
698 1802 840 1851 ἱκανός
854 1804 910 1855 ἄρ’
924 1802 938 1840 ὁ
951 1802 1075 1841 Φίλιος
1087 1816 1099 1851 3
1112 1802 1281 1843 GUYET.
1298 1802 1454 1843 Mallem
1469 1801 1564 1844 ὂεῶν
1578 1801 1703 1843 ἱκανός
1713 1815 1727 1852 ;

457 1851 517 1909 ’ἄρ’
530 1857 545 1896 ὅ
559 1862 600 1895 Φ.
618 1857 660 1896 In
673 1858 726 1896 Fl.
742 1855 842 1896 deest
857 1851 914 1908 ἄρ’
932 1854 1069 1895 ἱκανός.
1085 1856 1244 1896 SOLAN.

519 1912 604 1964 Pag.
620 1924 682 1960 70.
696 1911 718 1949 I.
734 1910 980 1964 2.Ἀγοιθοκλ.
1001 1932 1046 1939 -
1064 1910 1192 1963 Δειν.)
1210 1910 1315 1949 Vera
1334 1921 1382 1949 an
1407 1908 1495 1949 ficta
1515 1909 1609 1950 haec
1630 1907 1728 1962 (int,

461 1966 644 2017 quamvis
660 1965 921 2004 iusiurandum
934 1963 1179 2003 intercesserit
1190 1995 1202 2013 ‚
1215 1965 1283 2004 vix
1295 1962 1433 2003 dixeris
1445 1994 1455 2010 ,
1475 1964 1584 2004 cuius
1598 1974 1728 2004 tamen

456 2019 645 2072 temporis
660 2018 729 2057 fint
744 2030 811 2058 aut
833 2017 1044 2071 fingantur,
1065 2017 1266 2058 ostendunt
1287 2017 1484 2057 nonnulla.
1499 2017 1602 2057 Vide
1614 2030 1645 2059 c.
1665 2031 1726 2070 17,

459 2071 510 2111 18
523 2103 534 2119 ,
557 2087 604 2126 32
619 2073 658 2112 δι
674 2087 733 2126 33.
751 2072 898 2112 Aetatis
913 2084 1048 2123 nempe
1060 2071 1283 2112 Lucianeae.
1298 2071 1455 2113 Sozam

469 2168 472 2178 ,
512 2130 586 2165 ead.
601 2127 624 2165 l.
641 2141 675 2180 3.
689 2121 740 2164 Οὗ
756 2129 825 2179 πρὸ
840 2124 1014 2178 πολλοῦ)
1037 2125 1246 2166 Lucianum
1266 2123 1442 2179 exempla
1457 2123 1643 2165 amicitiae
1661 2137 1728 2164 re-

457 2179 625 2220 laturum
648 2180 761 2220 ordiri
784 2180 830 2219 ab
846 2193 916 2226 eo,
933 2180 1038 2233 quod
1053 2179 1256 2220 noviffime
1269 2179 1503 2233 contigerat,
1518 2178 1558 2218 δε
1571 2178 1656 2219 inde
1672 2191 1727 2218 re·

459 2235 626 2287 trogredi
642 2234 687 2273 ad
709 2234 926 2286 antiquiora
938 2263 949 2281 ‚
965 2235 1080 2286 atque
1098 2234 1234 2274 eodem
1257 2234 1376 2274 modo
1395 2233 1649 2273 narrationem
1670 2232 1727 2272 in·

459 2287 561 2327 stitui
577 2288 623 2327 ab
639 2287 831 2341 Apostolo
846 2289 882 2327 in
899 2287 984 2327 Αᾶἶ.
995 2288 1047 2334 V,
1064 2288 1112 2341 36
1126 2320 1137 2335 ,
1154 2302 1215 2343 37,
1229 2288 1329 2328 unde
1346 2300 1436 2328 cum
1451 2285 1615 2340 losepho
1629 2296 1726 2326 con·

458 2343 577 2381 ciliari
593 2354 732 2394 queat,
753 2342 841 2381 vide
861 2353 1082 2381 monentem
1097 2342 1138 2382 L.
1159 2343 1237 2382 Bos
1257 2342 1295 2381 in
1311 2342 1396 2382 Aa.
1409 2340 1542 2394 Apost.
1557 2353 1640 2394 pag.
1654 2350 1723 2390 77,

457 2398 572 2448 quem
592 2396 864 2436 Hemsterhusii
886 2395 1082 2436 admonitu
1108 2395 1311 2443 consului,
1331 2395 1492 2436 inserere
1510 2394 1610 2435 haud
1625 2392 1722 2434 adeo

458 2450 704 2490 necessarium
718 2450 944 2490 existimavi.
958 2449 1099 2490 Rmz.

517 2506 588 2543 ead.
604 2505 627 2543 l.
648 2519 679 2557 5.
698 2504 893 2557 Λυσίωνος)
908 2504 960 2543 lta
975 2505 1033 2543 hic
1048 2504 1127 2544 edd.
1143 2502 1246 2544 Infra
1259 2516 1355 2544 vero
1370 2501 1436 2542 fin.
1449 2515 1483 2542 c.
1501 2516 1545 2554 15
1561 2500 1724 2557 Atio-(qvos

458 2558 637 2599 exhibent
653 2559 817 2600 caedem.
831 2558 902 2599 Sed
917 2571 1005 2598 cum
1020 2558 1217 2612 probabile
1232 2557 1277 2598 fit
1289 2589 1303 2605 ,
1321 2557 1483 2598 eundem
1499 2556 1571 2596 effe
1582 2585 1596 2602 ‚
1614 2555 1726 2595 alter·
